2842 4300
262 372 321 435 184
601 382 633 431 P.
650 381 784 431 euentu
803 380 920 430 unum

260 542 351 602 Tecta
371 538 482 616 libens,
509 536 585 599 unde
606 536 682 600 haud
702 538 777 599 alius
795 544 974 611 remeasset,
995 534 1093 612 adimi,

260 625 322 687 Gen
344 624 455 685 tibimet
474 632 591 703 sceptro
611 632 642 683 et
663 624 801 701 proprios
821 624 932 683 laturus
952 621 1090 703 honores.

258 712 318 773 lam
338 710 496 771 'l'elamoua
515 710 609 788 pium,
634 709 690 773 ian
711 707 827 768 Thesea
847 707 923 767 lama
942 704 1069 769 tacebat.

260 796 361 871 Qualis
382 802 411 853 et
433 812 506 853 ecce
525 790 626 853 iaces?
648 811 724 873 quae
744 794 865 871 primum
884 792 1006 852 vulnera
1026 786 1136 851 mherl

261 881 332 955 Quis
343 878 482 954 tuushlo,
506 880 570 957 quis
581 878 617 937 ah
630 878 716 939 hoste
728 873 836 937 cruor?
859 876 1099 955 quaeteagmina
1113 876 1203 955 quive
1226 884 1261 941 to

259 964 402 1026 Innumeri
422 972 553 1023 stravere
575 960 679 1040 globi?
700 963 730 1023 ni
750 961 855 1038 fallor,
875 970 906 1021 et
921 962 991 1039 ipse

259 1050 362 1111 Invidit
383 1057 482 1128 pater,
505 1058 535 1108 et
555 1057 616 1109 tota
637 1046 715 1108 hlars
738 1046 840 1125 inpulit
860 1047 967 1107 hascu’
1332 1069 1333 1138 q

323 1136 372 1195 Sic
391 1135 447 1209 ait,
471 1142 501 1193 et
521 1150 657 1195 moerens
679 1135 830 1194 etiamnum
853 1130 964 1192 lubrica
984 1129 1053 1191 taho

260 1220 318 1280 Ora
339 1220 394 1279 viri
415 1219 503 1296 tergit
524 1218 650 1279 lacrimis
673 1218 863 1295 dextramque
884 1216 1011 1295 reponit
1096 1268 1101 1275 .

260 1304 359 1365 ‘Tune
381 1321 463 1363 meos
487 1303 588 1365 hostes
609 1302 760 1383 hucusque
782 1319 908 1376 exosus,
931 1308 961 1361 et
981 1299 1057 1359 ultra
1228 1308 1263 1364 75

260 1391 372 1469 Sospes
394 1385 492 1465 egol'
528 1386 658 1448 Exuerat
678 1390 784 1464 vagina
802 1386 934 1447 turbidus
955 1401 1056 1445 ensem

259 1474 444 1554 Aptabatque
465 1472 546 1549 neoi,
569 1473 690 1533 comites
713 1482 850 1547 tenuere,
872 1486 1018 1547 socerque

261 1558 392 1636 Gastigut
411 1556 544 1637 bellique
565 1560 648 1617 vices
670 1574 705 1616 ao
726 1556 786 1616 futu
805 1555 963 1615 revolvens

260 1644 378 1704 Solatur
397 1641 546 1717 tumidum,
570 1642 719 1720 longeque
740 1658 759 1701 a
780 1658 907 1719 corpore
929 1656 998 1700 caro

259 1727 413 1802 Paulatim,
433 1726 508 1787 unde
530 1726 615 1787 dolor
635 1726 747 1804 letique
768 1726 898 1786 anhnosa
917 1724 1062 1798 voluntas,
1225 1733 1265 1787 8⁰

259 1812 385 1873 Amovet
406 1829 442 1871 ac
463 1811 552 1871 tacite
575 1810 683 1871 demum
705 1812 780 1870 inter
800 1810 899 1881 verhu
912 1809 1038 1889 reponit.

259 1896 380 1957 Ducitur
398 1896 503 1955 amisso
526 1895 619 1975 qualis
633 1904 780 1956 consorte
801 1895 933 1956 lahorum

259 1981 378 2041 Deserit
398 1982 542 2059 inceptum
563 1980 657 2041 media
679 1982 755 2040 inter
776 1981 879 2057 iugera
898 1979 1011 2039 ealcum

260 2065 371 2125 Taurus
392 2067 470 2125 iners
492 2065 631 2144 colloque
653 2065 751 2143 iugum
772 2065 911 2125 deforme.
926 2066 1049 2124 remisso

259 2150 343 2212 Parte
365 2150 465 2227 trahit,
485 2161 597 2229 partem
618 2150 770 2210 lacrimans
791 2159 932 2211 sustentat
947 2159 1055 2210 arator.
1225 2155 1264 2210 85

322 2234 404 2296 Ecce
424 2245 518 2296 autem
539 2236 669 2296 hortatus
689 2235 839 2311 Eteoelis,
862 2244 892 2295 et
914 2252 992 2295 arma
1011 2233 1115 2309 secuti,

258 2321 348 2380 Lecta
369 2337 484 2395 manus,
505 2321 641 2395 iuuenes,
663 2338 739 2398 quos
760 2338 816 2380 nec
836 2319 965 2380 'l'ritonia
986 2317 1079 2394 hello,

259 2405 324 2466 Nec
345 2422 439 2483 prope
464 2403 570 2464 collata
589 2407 752 2482 sprevisset
773 2405 894 2483 cuspide
912 2403 1042 2477 Mavors,

260 2489 439 2556 Adventant;
469 2498 568 2548 contra
591 2489 717 2550 collecta
739 2499 769 2549 ut
787 2498 910 2568 pectora
930 2504 1049 2567 parmae
1332 2536 1333 2547 ,

259 2573 377 2632 Fixerat
398 2581 484 2651 atque
504 2573 616 2634 hastam
638 2574 727 2651 louge
749 2573 955 2652 protenderat,
976 2572 1081 2632 haeret
1225 2581 1265 2636 90
1332 2568 1333 2663 ᾗ

261 2656 376 2717 Arduus
396 2655 614 2737 Hippomedon;
639 2675 693 2718 ceu
714 2658 849 2719 lluctihus
871 2658 957 2718 ohvia
977 2674 1077 2735 rupes,
1332 2666 1333 2671 ’

262 2740 315 2802 Gui
337 2759 432 2820 neque
455 2742 491 2803 de
514 2744 600 2804 coelo
621 2753 715 2803 metus
738 2752 768 2803 et
791 2743 885 2804 tracta
904 2759 1033 2820 aequora
1055 2739 1174 2817 cedunt,

260 2828 324 2887 Stat
345 2828 456 2887 cunctis
477 2829 582 2888 inmota
603 2829 701 2904 minis,
725 2829 806 2888 timet
826 2829 891 2908 ipse
911 2828 1056 2904 rigentem

260 2911 385 2987 Pontus,
408 2921 438 2972 et
458 2930 496 2972 ex
516 2913 576 2972 alto
598 2913 723 2974 miserae
745 2931 856 2973 novere
878 2914 1004 2972 carinae.
1332 2950 1333 2985 ,

324 2995 403 3054 Tunc
415 2997 496 3074 prior
507 2996 636 3056 Aonides
647 3031 688 3044 --·
698 2998 822 3058 validam
833 2997 916 3058 simul
929 2996 1010 3057 elicit
1020 2995 1132 3056 hastam
1142 3015 1201 3053 -·:
1226 3003 1265 3059 95

261 3078 344 3139 ‘Non
364 3079 453 3158 pudet
473 3081 528 3140 hos
549 3080 665 3158 lllaues,
687 3083 762 3142 haec
783 3083 948 3143 infamantia
968 3080 1080 3141 bellum
1330 2994 1333 3161 l

260 3163 372 3224 Funera
397 3165 440 3224 dis
463 3183 560 3227 corum
581 3176 610 3226 et
632 3167 720 3228 coelo
740 3169 921 3247 inspectante
942 3161 1040 3226 tueri?
1327 3163 1333 3213 l

260 3249 381 3310 Scilicet
403 3253 539 3329 egregius
562 3251 650 3312 sudor
671 3252 915 3330 memorandaque
935 3252 1027 3310 virtus

259 3332 339 3394 Hanc
359 3335 499 3397 tumulare
519 3333 631 3396 feram?
654 3355 690 3396 ne
712 3355 771 3396 non
791 3334 989 3398 moerentibus
1009 3334 1108 3411 Argos

259 3416 400 3498 Exequiis
422 3421 613 3481 lacrimandus
634 3421 695 3482 eat!
720 3421 859 3500 mollique
880 3420 992 3481 feretro
1208 3427 1269 3482 100
1332 3408 1333 3427 ¹

260 3585 364 3648 Nullae
383 3589 463 3650 illum
485 3589 637 3666 volucres,
663 3589 741 3650 nulla
761 3591 839 3668 inpia
860 3598 988 3650 momtru
1009 3605 1066 3648 nec
1086 3586 1164 3666 ipae,

259 3502 405 3566 lnlaudam
428 3507 557 3566 eiectans
577 3503 706 3566 saniem?
733 3506 866 3566 dimittite
885 3521 991 3565 curam.

261 3671 293 3732 si
313 3671 427 3753 demus,
449 3673 514 3754 pius
535 3674 610 3751 ignis
632 3674 721 3734 edat?
762 3672 826 3734 Nec
848 3674 948 3754 plura,
970 3673 1025 3734 sed
1045 3673 1150 3749 iugens
