2842 4300
514 360 716 411 subaureos
738 362 809 411 LIB.
830 361 893 409 m.

204 518 323 579 Clamor
346 529 376 579 et
398 520 526 581 emeritis
550 518 649 579 hilaris
671 517 740 579 tuba
762 519 872 578 nuntiat
891 517 987 577 armis.

201 605 281 664 Ante
304 604 407 665 dueem
427 604 522 683 spolia
543 612 573 664 et
594 603 657 664 duri
676 600 817 663 Mavortis
836 604 945 679 imago,

202 688 337 766 Virginei
358 708 460 751 eurrus
482 688 682 767 cumulataque
701 688 815 747 fereula
836 688 943 761 cristis,

203 772 243 833 Et
265 775 364 833 tristes
385 773 526 835 ducuntur
548 774 616 853 equi
636 783 815 851 truncaeque
838 772 991 851 bipennes,

204 858 279 931 Quis
299 876 417 919 nemora
439 868 469 919 et
487 858 610 919 solidam
632 856 779 918 Maeotida
802 856 930 917 caedere
949 864 1063 931 suetae,

206 941 367 1022 Obrutique
390 942 473 1003 leves
495 952 646 1022 portantur
668 952 698 1002 et
721 942 807 1019 ignea
832 940 954 1018 gemmis

204 1024 328 1105 Cingula
351 1037 381 1089 et
403 1028 543 1089 informes
565 1026 745 1087 dominarum
766 1026 907 1103 sanguine
932 1022 1041 1104 peltae.

203 1110 291 1185 Ipsae
313 1122 409 1173 autem
430 1112 556 1173 nondum
577 1111 709 1191 trepidae
733 1128 894 1189 senumque
912 1109 1048 1186 latentur,

204 1195 269 1257 Nee
290 1198 413 1276 vulgare
434 1206 554 1275 gemunt
574 1206 824 1275 aspernanturque
846 1195 974 1274 precari,

204 1279 243 1341 Et
264 1290 371 1343 tantum
394 1284 531 1363 innuptae
554 1290 696 1360 quaeruut
718 1280 840 1341 delubra
861 1278 1020 1339 Minervae.

268 1365 379 1426 Primus
402 1384 483 1428 amor
504 1367 598 1427 niveis
618 1367 762 1427 vietorem
783 1383 906 1425 eernere
928 1374 1044 1425 vectum

206 1449 407 1529 Quadriiugis‚
429 1469 561 1511 necnon
583 1449 711 1531 populos
734 1453 764 1511 in
785 1458 879 1509 semet
897 1446 1005 1527 agebat

206 1532 382 1613 Hippolyte,
406 1538 461 1597 iam
483 1535 589 1596 blanda
610 1553 702 1613 genas
726 1537 899 1614 patiensque
920 1534 1013 1593 mariti

205 1617 363 1688 Foederis;
387 1618 462 1681 haue
482 1621 594 1701 patriae
617 1621 688 1679 ritus
709 1621 837 1697 fregisse
859 1635 985 1679 severos

92 1716 95 1721 '
206 1703 341 1765 Atthides
364 1704 501 1783 obliquae
524 1724 623 1765 seeum
643 1706 782 1765 mirantur
800 1712 905 1782 operto

207 1786 370 1866 Murmure,
395 1790 473 1868 quod
495 1789 575 1849 nitidi
598 1790 714 1865 crines,
736 1788 816 1867 quod
836 1796 960 1866 pectora
982 1784 1060 1864 palla

208 1870 283 1934 'lota
304 1872 410 1950 latent,
439 1874 551 1951 magnis
575 1873 652 1952 quod
673 1872 798 1934 barbara
821 1880 915 1931 semet
936 1869 1059 1930 Athenis

207 1956 331 2019 Misceat
353 1968 439 2039 atque
461 1959 538 2019 hosti
560 1959 658 2019 veniat
680 1959 807 2037 paritura
828 1957 942 2017 marito.

271 2042 388 2103 Paulum
412 2052 442 2103 et
463 2043 501 2104 ab
523 2044 644 2103 insessis
666 2051 798 2103 moestae
820 2039 997 2119 Pelopeides
1018 2039 1076 2099 aris
1163 2049 1172 2061 '

208 2126 386 2190 Promovere
405 2126 526 2207 gradum
548 2128 715 2206 seriemque
735 2135 765 2187 et
785 2125 860 2188 dena
882 2122 1015 2204 triumphi

207 2211 357 2289 Mirantur,
382 2214 509 2292 victique
532 2214 625 2274 animo
642 2213 758 2272 rediere
774 2213 878 2272 mariti.

208 2297 306 2378 Atque
327 2298 376 2358 ubi
398 2298 521 2359 tardavit
543 2313 645 2358 eurrus
667 2306 697 2358 et
718 2295 754 2357 ab
777 2314 832 2356 axe
854 2293 985 2379 superbo

209 2381 352 2461 Explorat
374 2401 479 2444 causas
500 2383 596 2442 vietor
618 2382 774 2461 poscitque
798 2379 923 2457 benigna

210 2467 290 2528 Aure
313 2486 439 2546 preces,
461 2485 530 2528 ausa
551 2476 618 2527 ante
640 2465 713 2528 alias
734 2464 882 2544 Capaneia
905 2465 1024 2524 coniux:

273 2552 423 2630 ‘Belliger
444 2551 576 2630 Aegide,
598 2551 713 2612 subitae
735 2551 783 2611 eui
803 2551 927 2610 maxima
951 2547 1044 2610 laudis

211 2639 328 2698 Semina
349 2637 386 2698 de
408 2639 515 2698 nostris
537 2639 633 2715 aperit
653 2635 782 2696 Fortuna
800 2635 901 2708 ruinis,

211 2721 278 2782 Non
300 2731 421 2784 externa
440 2740 535 2800 genus
555 2721 636 2782 dirae
657 2739 715 2780 neo
736 2721 855 2780 conseia
873 2735 968 2778 noxae

212 2805 308 2866 'larba
330 2825 442 2873 sumus;
465 2805 566 2866 domus
588 2806 688 2882 Argos
711 2814 775 2866 erat
793 2822 943 2882 regesque
963 2802 1068 2876 mariti,
1103 2862 1108 2870 ,

211 2890 277 2951 Non
298 2891 403 2951 utinam
425 2899 455 2951 et
474 2891 579 2952 fortes.
624 2889 700 2964 Quid
720 2892 795 2949 enim
814 2897 937 2967 septena
958 2904 1077 2946 movere
1163 2896 1216 2950 55⁰

212 2974 315 3036 Castra
337 2984 367 3035 et
387 2975 564 3052 Agenoreos
588 2992 662 3054 opus
686 2973 841 3034 emendare
863 2967 1007 3051 penates?

211 3061 276 3121 Nee
299 3061 446 3138 querimur
466 3077 588 3134 caesos,
615 3059 689 3120 haee
710 3057 818 3120 bellica
838 3057 899 3118 iura
920 3057 1062 3135 vicesque

212 3145 380 3213 Armorum
404 3144 458 3206 sed
480 3163 538 3206 non
558 3143 666 3204 Siculis
687 3153 791 3204 exorta
811 3141 865 3202 sub
888 3143 977 3202 antris

212 3229 359 3305 Monstra,
382 3247 438 3290 neo
458 3229 562 3290 Ossaei
584 3228 665 3290 bello
689 3228 827 3290 eeoidere
847 3225 1033 3288 bimembres.

211 3314 294 3375 Mitto
309 3332 403 3392 genus
416 3315 572 3394 clarosque
584 3323 699 3392 patres;
715 3312 876 3387 hominum,
893 3311 992 3372 inclite
1004 3308 1133 3385 Theseu,
1165 3320 1216 3372 555

214 3399 338 3476 Sanguis
361 3409 459 3475 erant,
485 3399 632 3474 homines,
657 3398 819 3476 eademque
841 3398 870 3456 in
887 3396 985 3458 sidera
1005 3393 1126 3455 eosdem

214 3485 340 3544 Sortitus
362 3485 517 3546 animarum
539 3483 731 3561 alimentaque
754 3491 854 3542 vestra
876 3482 978 3556 creati,

215 3567 296 3641 Quos
316 3578 396 3630 vetat
418 3571 485 3645 igne
508 3567 606 3628 Creon
628 3569 809 3646 Stygiaeque
831 3585 847 3628 a
869 3566 967 3626 limine
989 3574 1092 3643 portae

216 3649 278 3714 Ceu
302 3663 382 3714 sator
405 3652 594 3714 Eumenidum
616 3663 664 3714 aut
685 3651 805 3714 Lethaei
827 3652 952 3733 portitor
973 3651 1063 3710 amnis
