2842 4300
265 361 327 423 240
601 374 633 421 Ρ.
656 374 789 423 naemu
812 374 932 425 arants

265 525 451 609 Respectus?
473 528 502 591 hi
523 537 553 591 te
574 529 618 591 ire
638 528 759 605 volunt,
781 528 812 591 lri
833 530 965 611 madere
986 546 1115 610 poenam

266 615 333 695 lpsa
353 615 439 677 etiam
457 615 594 692 genetrix
612 614 758 694 ipsaeque
775 615 868 675 odere
887 631 1020 676 sorores.

265 699 299 761 ln
318 708 347 759 te
367 698 472 760 ardens
494 699 585 761 irater
602 698 712 761 lerrntn
728 709 911 780 mortemque
928 700 1062 775 minatur,
1230 709 1282 764 29⁵

266 785 421 864 Saevaque
442 792 591 863 portarum
611 784 753 847 convellit
772 784 915 861 elaustro,
937 802 995 845 nee
1013 781 1141 845 andisl'

330 868 380 929 Sie
399 877 482 947 pater
503 868 689 945 infrendens,
711 870 877 949 miseraque
897 878 1051 931 exaestuat
1072 869 1128 929 ira.

266 952 322 1015 llle
342 951 396 1013 sub
417 952 506 1015 lraeo:
530 952 614 1015 ‘Non
635 954 731 1031 fallis,
752 954 808 1030 ait,
828 971 886 1016 neo
907 963 938 1015 te
957 953 1058 1015 inolita
1077 954 1139 1015 nati

265 1037 337 1098 Fata
354 1046 487 1113 rnovent,
511 1054 619 1099 ornere
637 1038 689 1101 illa
710 1047 822 1118 patrem
843 1048 873 1100 et
892 1040 1004 1100 iaotare
1025 1037 1166 1099 decebat.

266 1123 327 1183 Sed
345 1140 416 1201 spes
435 1120 489 1183 snb
509 1122 653 1199 lacrimis,
676 1140 749 1201 spes
768 1132 856 1203 atque
874 1123 992 1185 oeonlta
1011 1122 1121 1202 eupido
1226 1133 1280 1189 300

266 1206 318 1267 llis
337 1208 422 1275 latet;
445 1206 547 1267 insano
569 1207 738 1287 praetendis
759 1206 864 1269 funera
882 1217 966 1285 roto,

264 1290 371 1371 illeque
392 1293 500 1372 premIs
522 1292 630 1354 frustra
648 1310 762 1353 saonae
781 1310 838 1353 oea
858 1294 1008 1372 proximas
1026 1290 1123 1353 aulae.

264 1376 331 1437 Non
352 1378 391 1438 ita
410 1376 557 1439 Sidoniam
576 1376 692 1439 fortuna
711 1376 865 1457 reliquerit
885 1377 999 1453 urbem,

266 1461 299 1521 ln
318 1471 348 1522 te
368 1471 400 1522 ut
420 1472 539 1541 sceptra
560 1462 681 1539 cadant,
703 1470 784 1523 tanto
806 1462 1003 1540 indignissime
1023 1470 1103 1522 nato.

265 1545 330 1607 Neo
350 1545 419 1607 mihi
441 1546 568 1607 dillioilis
591 1564 735 1626 praesens
755 1546 899 1616 vindiota;
919 1546 975 1607 aed
994 1564 1085 1623 arma,
1223 1559 1277 1614 305

265 1630 354 1691 Arma
373 1632 453 1709 prins
474 1630 590 1691 darnoli:
614 1639 722 1691 ooeant
739 1631 770 1691 in
789 1631 905 1711 proelia
923 1631 1041 1693 iratres.

266 1714 335 1775 Vult
354 1713 478 1792 gemitus
500 1712 594 1777 lenire
614 1713 729 1784 Creon;
751 1716 867 1777 lnernre
885 1716 1026 1793 latorem,

266 1798 379 1859 Victori
399 1799 467 1859 milri
489 1808 593 1861 onnota
614 1800 702 1863 lues?
741 1801 792 1863 Sio
811 1801 907 1878 iurgia
924 1801 1041 1879 panlnrn

265 1883 399 1960 Distulit,
421 1892 509 1964 atque
530 1903 646 1961 ensem,
670 1902 756 1965 quens
774 1885 936 1947 iamdabat
955 1888 1015 1963 ira,
1036 1888 1195 1965 repressit.

265 1968 344 2029 lutus
365 1978 396 2029 nt
416 1970 529 2030 incerto
552 1972 678 2050 pastoris
698 1970 822 2031 vnlnere
842 1988 968 2050 serpens
1222 1984 1275 2037 310

265 2051 394 2131 Erigitur
414 2070 489 2132 gyro
513 2054 690 2135 longumque
710 2073 728 2115 e
750 2072 877 2135 eorpore
898 2065 962 2116 toto

264 2138 352 2199 Virus
372 2139 402 2198 in
422 2157 475 2200 ore
496 2140 584 2224 legit;
607 2139 724 2219 paulurn
742 2141 768 2202 sl
788 2140 893 2202 deuius
912 2140 1008 2202 hostis

266 2223 363 2285 Torsit
383 2223 456 2300 iter,
479 2224 619 2286 oeoidere
639 2227 734 2286 minae
754 2226 970 2306 tumefactaque
987 2225 1096 2288 irnstra

267 2307 353 2370 Colla
375 2308 495 2385 sedent,
517 2312 635 2389 irasque
657 2312 702 2370 sni
722 2309 795 2370 titt
816 2311 882 2390 ipae
902 2312 1018 2372 veneni.

328 2393 368 2453 At
389 2395 525 2471 genetrix
549 2397 669 2474 primam
692 2395 827 2456 funestae
845 2396 933 2456 sortis
953 2405 986 2456 nt
1003 2413 1105 2458 amens
1223 2408 1274 2463 315

267 2477 394 2558 Expavit
417 2477 538 2554 famam,
561 2497 617 2538 neo
639 2479 723 2540 tarde
745 2479 885 2556 eredidit,
904 2479 964 2540 ibat

267 2564 367 2624 Soissa
389 2579 487 2624 onmem
508 2563 648 2642 vultuque
671 2573 701 2623 et
723 2573 845 2644 peotore
866 2565 943 2626 nuda
961 2573 1095 2641 ornento,

265 2647 332 2708 Non
353 2665 442 2708 sexus
464 2647 619 2710 deoorisve
640 2665 763 2710 memor.
806 2648 947 2710 Pentheia
967 2648 1062 2728 qualia

265 2731 359 2794 llater
380 2733 417 2794 ad
438 2732 530 2794 insani
547 2732 708 2794 soandehat
730 2733 854 2796 eulmina
871 2735 985 2794 montis

265 2817 439 2878 Promissum
461 2835 552 2880 saevo
575 2827 662 2897 eaput
683 2819 806 2880 allatura
824 2817 934 2894 lyaeo.
1118 2844 1121 2848 ·
1227 2828 1278 2884 310

265 2901 332 2962 Non
353 2904 491 2978 comites,
513 2919 572 2962 non
591 2901 670 2964 ierne
691 2904 775 2983 ipsae
797 2904 922 2981 vestigia
942 2913 1029 2964 name

267 2986 371 3065 Aequa
390 2986 504 3047 valent:
527 2996 635 3048 tanturn
655 2990 781 3050 miserae
802 2987 889 3050 dolor
906 2987 1022 3048 ultianus
1044 2986 1128 3048 addit

267 3071 384 3146 Robur,
407 3079 437 3130 et
459 3089 610 3150 exangues
630 3074 806 3134 orndeaonnt
827 3072 953 3134 lantibus
973 3074 1049 3134 anni.

266 3155 384 3234 lamque
406 3154 497 3216 denus
518 3156 641 3234 galeae,
669 3159 727 3218 iarn
745 3158 859 3238 spionia
881 3176 971 3219 saeva
992 3157 1102 3235 ligabat

265 3239 377 3299 Ductor
398 3249 427 3299 et
448 3241 484 3302 ad
504 3241 592 3304 lituos
614 3242 737 3304 hilarem
759 3242 962 3322 trepidamque
981 3239 1114 3303 tubarum
1230 3253 1277 3307 att

265 3323 469 3402 Prospiciebat
488 3343 609 3405 equum,
632 3327 731 3388 subito
751 3345 839 3406 quam
859 3328 995 3406 apparuit
1009 3328 1115 3404 ingens

265 3406 375 3474 illaten,
399 3410 513 3488 etipse
535 3420 613 3472 metu
635 3411 830 3492 iamnlnmqne
853 3412 996 3490 expalluit
1015 3410 1107 3472 omnis

266 3489 394 3568 Coetus,
418 3503 448 3554 et
469 3494 595 3556 oblatam
614 3505 694 3558 retro
715 3496 795 3557 dedit
814 3497 942 3574 armiger
962 3495 1082 3558 hastam.

265 3574 338 3648 Quis
359 3575 462 3638 furor?
484 3579 560 3640 unde
582 3581 685 3642 iternnr
705 3581 790 3658 regni
811 3582 956 3658 integrata
975 3582 1102 3657 resurgit

264 3657 424 3724 Eumenis?
446 3663 502 3742 ipsi
525 3664 610 3726 etiarn
632 3674 700 3744 post
721 3666 832 3743 omniu,
852 3667 984 3727 eominus
1003 3666 1060 3747 ipsi
1229 3675 1279 3732 ³3⁰
