<?xml version="1.0" encoding="UTF-8"?>
<!DOCTYPE html PUBLIC "-//W3C//DTD XHTML 1.0 Transitional//EN"
    "http://www.w3.org/TR/xhtml1/DTD/xhtml1-transitional.dtd">
<html xmlns="http://www.w3.org/1999/xhtml" xml:lang="en" lang="en">
 <head>
  <title>
</title>
<meta http-equiv="Content-Type" content="text/html;charset=utf-8" />
  <meta name='ocr-system' content='tesseract 3.04.00' />
  <meta name='ocr-capabilities' content='ocr_page ocr_carea ocr_par ocr_line ocrx_word'/>
</head>
<body>
  <div class='ocr_page' id='page_1' title='image "./publiuspapinius01quecgoog/publiuspapinius01quecgoog_0458.png"; bbox 0 0 2842 4300; ppageno 0'>
   <div class='ocr_carea' id='block_1_1' title="bbox 486 411 1182 474">
    <p class='ocr_par' dir='ltr' id='par_1_1' title="bbox 486 411 1182 474">
     <span class='ocr_line' id='line_1_1' title="bbox 486 411 1182 474; baseline 0.004 -4"><span class='ocrx_word' id='word_1_1' title='bbox 486 422 692 473; x_wconf 81' lang='lat' dir='ltr'>rnssmoos</span> <span class='ocrx_word' id='word_1_2' title='bbox 714 415 786 471; x_wconf 76' lang='lat' dir='ltr'>usu.</span> <span class='ocrx_word' id='word_1_3' title='bbox 808 425 870 473; x_wconf 84' lang='lat' dir='ltr'>xu.</span> <span class='ocrx_word' id='word_1_4' title='bbox 1123 411 1182 474; x_wconf 80' lang='lat'>261</span> 
     </span>
    </p>
   </div>
   <div class='ocr_carea' id='block_1_2' title="bbox 181 552 947 661">
    <p class='ocr_par' dir='ltr' id='par_1_2' title="bbox 181 552 947 661">
     <span class='ocr_line' id='line_1_2' title="bbox 181 552 947 661; baseline 0.004 -23"><span class='ocrx_word' id='word_1_5' title='bbox 181 578 427 660; x_wconf 88' lang='lat' dir='ltr'>Supplioibusque</span> <span class='ocrx_word' id='word_1_6' title='bbox 450 580 505 659; x_wconf 87' lang='lat' dir='ltr'>piis</span> <span class='ocrx_word' id='word_1_7' title='bbox 523 578 628 641; x_wconf 81' lang='lat' dir='ltr'><strong>faciles</strong></span> <span class='ocrx_word' id='word_1_8' title='bbox 651 552 781 661; x_wconf 79' lang='lat' dir='ltr'>aperiret</span> <span class='ocrx_word' id='word_1_9' title='bbox 799 581 947 653; x_wconf 91' lang='lat' dir='ltr'>Athenas;</span> 
     </span>
    </p>
   </div>
   <div class='ocr_carea' id='block_1_3' title="bbox 174 664 1184 2101">
    <p class='ocr_par' dir='ltr' id='par_1_3' title="bbox 179 664 1184 831">
     <span class='ocr_line' id='line_1_3' title="bbox 180 664 1184 745; baseline 0.005 -21"><span class='ocrx_word' id='word_1_10' title='bbox 180 664 275 743; x_wconf 82' lang='lat' dir='ltr'><strong>Atque</strong></span> <span class='ocrx_word' id='word_1_11' title='bbox 296 664 346 724; x_wconf 94' lang='lat' dir='ltr'>ubi</span> <span class='ocrx_word' id='word_1_12' title='bbox 367 681 422 744; x_wconf 91' lang='lat' dir='ltr'>per</span> <span class='ocrx_word' id='word_1_13' title='bbox 444 681 564 745; x_wconf 86' lang='lat' dir='ltr'>campos</span> <span class='ocrx_word' id='word_1_14' title='bbox 587 684 688 726; x_wconf 89' lang='lat' dir='ltr'>errore</span> <span class='ocrx_word' id='word_1_15' title='bbox 709 667 849 727; x_wconf 78' lang='lat' dir='ltr'><strong>fatiscere</strong></span> <span class='ocrx_word' id='word_1_16' title='bbox 869 684 944 726; x_wconf 87' lang='lat' dir='ltr'>vano</span> <span class='ocrx_word' id='word_1_17' title='bbox 1132 676 1184 729; x_wconf 68' lang='lat'>295</span> 
     </span>
     <span class='ocr_line' id='line_1_4' title="bbox 179 748 906 831; baseline 0.003 -22"><span class='ocrx_word' id='word_1_18' title='bbox 179 748 340 809; x_wconf 89' lang='lat' dir='ltr'>Inmeritam</span> <span class='ocrx_word' id='word_1_19' title='bbox 360 750 471 827; x_wconf 78' lang='lat' dir='ltr'>Argian</span> <span class='ocrx_word' id='word_1_20' title='bbox 493 768 601 829; x_wconf 89' lang='lat' dir='ltr'>supero</span> <span class='ocrx_word' id='word_1_21' title='bbox 626 754 760 831; x_wconf 76' lang='lat' dir='ltr'>respexit</span> <span class='ocrx_word' id='word_1_22' title='bbox 779 751 815 811; x_wconf 91' lang='lat' dir='ltr'>ab</span> <span class='ocrx_word' id='word_1_23' title='bbox 839 769 906 827; x_wconf 86' lang='lat' dir='ltr'>axe,</span> 
     </span>
    </p>

    <p class='ocr_par' dir='ltr' id='par_1_4' title="bbox 177 832 839 914">
     <span class='ocr_line' id='line_1_5' title="bbox 177 832 839 914; baseline 0.003 -21"><span class='ocrx_word' id='word_1_24' title='bbox 177 832 302 895; x_wconf 78' lang='lat' dir='ltr'>Indoluit</span> <span class='ocrx_word' id='word_1_25' title='bbox 324 836 404 910; x_wconf 89' lang='lat' dir='ltr'>visu,</span> <span class='ocrx_word' id='word_1_26' title='bbox 430 843 459 894; x_wconf 90' lang='lat' dir='ltr'>et</span> <span class='ocrx_word' id='word_1_27' title='bbox 481 835 630 895; x_wconf 91' lang='lat' dir='ltr'>lunaribus</span> <span class='ocrx_word' id='word_1_28' title='bbox 653 836 741 896; x_wconf 86' lang='lat' dir='ltr'>obvia</span> <span class='ocrx_word' id='word_1_29' title='bbox 764 834 839 914; x_wconf 83' lang='lat' dir='ltr'>bigis</span> 
     </span>
    </p>

    <p class='ocr_par' dir='ltr' id='par_1_5' title="bbox 178 918 1008 999">
     <span class='ocr_line' id='line_1_6' title="bbox 178 918 1008 999; baseline 0.001 -22"><span class='ocrx_word' id='word_1_30' title='bbox 178 918 312 979; x_wconf 79' lang='lat' dir='ltr'>Advertit</span> <span class='ocrx_word' id='word_1_31' title='bbox 335 938 448 979; x_wconf 89' lang='lat' dir='ltr'>currum</span> <span class='ocrx_word' id='word_1_32' title='bbox 470 920 646 999; x_wconf 88' lang='lat' dir='ltr'>placidaque</span> <span class='ocrx_word' id='word_1_33' title='bbox 667 923 705 983; x_wconf 85' lang='lat' dir='ltr'>ita</span> <span class='ocrx_word' id='word_1_34' title='bbox 727 938 805 981; x_wconf 88' lang='lat' dir='ltr'>voce</span> <span class='ocrx_word' id='word_1_35' title='bbox 828 922 926 981; x_wconf 90' lang='lat' dir='ltr'>locuta</span> <span class='ocrx_word' id='word_1_36' title='bbox 949 929 1008 979; x_wconf 91' lang='lat' dir='ltr'>est:</span> 
     </span>
    </p>

    <p class='ocr_par' dir='ltr' id='par_1_6' title="bbox 179 1003 1041 1084">
     <span class='ocr_line' id='line_1_7' title="bbox 179 1003 1041 1084; baseline 0 -21"><span class='ocrx_word' id='word_1_37' title='bbox 179 1003 241 1065; x_wconf 67' lang='lat' dir='ltr'>‘Da</span> <span class='ocrx_word' id='word_1_38' title='bbox 262 1004 329 1063; x_wconf 90' lang='lat' dir='ltr'>mihi</span> <span class='ocrx_word' id='word_1_39' title='bbox 353 1007 487 1083; x_wconf 90' lang='lat' dir='ltr'>poscenti</span> <span class='ocrx_word' id='word_1_40' title='bbox 507 1023 609 1065; x_wconf 92' lang='lat' dir='ltr'>munus</span> <span class='ocrx_word' id='word_1_41' title='bbox 631 1006 741 1081; x_wconf 85' lang='lat' dir='ltr'>breve,</span> <span class='ocrx_word' id='word_1_42' title='bbox 766 1004 906 1084; x_wconf 73' lang='lat' dir='ltr'>Cynthia,</span> <span class='ocrx_word' id='word_1_43' title='bbox 929 1006 954 1064; x_wconf 88' lang='lat' dir='ltr'>si</span> <span class='ocrx_word' id='word_1_44' title='bbox 977 1006 1041 1084; x_wconf 91' lang='lat' dir='ltr'>qnis</span> 
     </span>
    </p>

    <p class='ocr_par' dir='ltr' id='par_1_7' title="bbox 177 1086 1184 1339">
     <span class='ocr_line' id='line_1_8' title="bbox 177 1086 1184 1171; baseline 0.003 -22"><span class='ocrx_word' id='word_1_45' title='bbox 177 1086 231 1149; x_wconf 88' lang='lat' dir='ltr'>Est</span> <span class='ocrx_word' id='word_1_46' title='bbox 251 1086 367 1148; x_wconf 93' lang='lat' dir='ltr'>lunonis</span> <span class='ocrx_word' id='word_1_47' title='bbox 385 1089 497 1164; x_wconf 94' lang='lat' dir='ltr'>honos,</span> <span class='ocrx_word' id='word_1_48' title='bbox 519 1099 600 1150; x_wconf 85' lang='lat' dir='ltr'>certe</span> <span class='ocrx_word' id='word_1_49' title='bbox 622 1090 700 1151; x_wconf 92' lang='lat' dir='ltr'>lovis</span> <span class='ocrx_word' id='word_1_50' title='bbox 724 1091 847 1171; x_wconf 87' lang='lat' dir='ltr'>inproba</span> <span class='ocrx_word' id='word_1_51' title='bbox 867 1092 946 1149; x_wconf 91' lang='lat' dir='ltr'>iussu</span> <span class='ocrx_word' id='word_1_52' title='bbox 1130 1100 1184 1152; x_wconf 84' lang='grc'>300</span> 
     </span>
     <span class='ocr_line' id='line_1_9' title="bbox 177 1173 1138 1255; baseline 0.002 -22"><span class='ocrx_word' id='word_1_53' title='bbox 177 1173 236 1233; x_wconf 90' lang='lat' dir='ltr'>Ter</span> <span class='ocrx_word' id='word_1_54' title='bbox 254 1184 370 1233; x_wconf 90' lang='lat' dir='ltr'>noctem</span> <span class='ocrx_word' id='word_1_55' title='bbox 390 1174 564 1235; x_wconf 83' lang='lat' dir='ltr'>Herculeam</span> <span class='ocrx_word' id='word_1_56' title='bbox 587 1210 646 1250; x_wconf 77' lang='lat'>—,</span> <span class='ocrx_word' id='word_1_57' title='bbox 667 1185 787 1235; x_wconf 86' lang='lat' dir='ltr'>veteres</span> <span class='ocrx_word' id='word_1_58' title='bbox 810 1176 863 1235; x_wconf 88' lang='lat' dir='ltr'>sed</span> <span class='ocrx_word' id='word_1_59' title='bbox 884 1178 966 1235; x_wconf 90' lang='lat' dir='ltr'>mitto</span> <span class='ocrx_word' id='word_1_60' title='bbox 990 1177 1138 1255; x_wconf 74' lang='lat' dir='ltr'>querelas,</span> 
     </span>
     <span class='ocr_line' id='line_1_10' title="bbox 177 1256 926 1339; baseline 0.003 -22"><span class='ocrx_word' id='word_1_61' title='bbox 177 1256 221 1317; x_wconf 90' lang='lat' dir='ltr'>En</span> <span class='ocrx_word' id='word_1_62' title='bbox 244 1258 327 1319; x_wconf 89' lang='lat' dir='ltr'>locus</span> <span class='ocrx_word' id='word_1_63' title='bbox 349 1258 465 1327; x_wconf 86' lang='lat' dir='ltr'>oliioio;</span> <span class='ocrx_word' id='word_1_64' title='bbox 490 1260 595 1321; x_wconf 87' lang='lat' dir='ltr'>cultrix</span> <span class='ocrx_word' id='word_1_65' title='bbox 615 1260 813 1339; x_wconf 90' lang='lat' dir='ltr'>placidissima</span> <span class='ocrx_word' id='word_1_66' title='bbox 834 1260 926 1319; x_wconf 89' lang='lat' dir='ltr'>nostri</span> 
     </span>
    </p>

    <p class='ocr_par' dir='ltr' id='par_1_8' title="bbox 176 1343 860 1423">
     <span class='ocr_line' id='line_1_11' title="bbox 176 1343 860 1423; baseline 0.003 -21"><span class='ocrx_word' id='word_1_67' title='bbox 176 1343 290 1403; x_wconf 90' lang='lat' dir='ltr'>lnachis</span> <span class='ocrx_word' id='word_1_68' title='bbox 310 1343 401 1421; x_wconf 81' lang='lat' dir='ltr'>Argia</span> <span class='ocrx_word' id='word_1_69' title='bbox 424 1346 519 1405; x_wconf 88' lang='lat' dir='ltr'>cernis</span> <span class='ocrx_word' id='word_1_70' title='bbox 541 1363 597 1423; x_wconf 91' lang='lat' dir='ltr'>qua</span> <span class='ocrx_word' id='word_1_71' title='bbox 618 1354 706 1406; x_wconf 88' lang='lat' dir='ltr'>nocte</span> <span class='ocrx_word' id='word_1_72' title='bbox 725 1354 860 1423; x_wconf 86' lang='lat' dir='ltr'>vagetur,</span> 
     </span>
    </p>

    <p class='ocr_par' dir='ltr' id='par_1_9' title="bbox 175 1426 1028 1509">
     <span class='ocr_line' id='line_1_12' title="bbox 175 1426 1028 1509; baseline 0.002 -22"><span class='ocrx_word' id='word_1_73' title='bbox 175 1426 241 1488; x_wconf 91' lang='lat' dir='ltr'>Nec</span> <span class='ocrx_word' id='word_1_74' title='bbox 263 1430 395 1507; x_wconf 90' lang='lat' dir='ltr'>reperire</span> <span class='ocrx_word' id='word_1_75' title='bbox 416 1430 508 1489; x_wconf 86' lang='lat' dir='ltr'>virum</span> <span class='ocrx_word' id='word_1_76' title='bbox 531 1430 629 1489; x_wconf 89' lang='lat' dir='ltr'>densis</span> <span class='ocrx_word' id='word_1_77' title='bbox 653 1439 741 1509; x_wconf 88' lang='lat' dir='ltr'>queat</span> <span class='ocrx_word' id='word_1_78' title='bbox 766 1448 855 1508; x_wconf 89' lang='lat' dir='ltr'>aegra</span> <span class='ocrx_word' id='word_1_79' title='bbox 876 1428 1028 1489; x_wconf 80' lang='lat' dir='ltr'>tenebris?</span> 
     </span>
    </p>

    <p class='ocr_par' dir='ltr' id='par_1_10' title="bbox 176 1510 1182 1678">
     <span class='ocr_line' id='line_1_13' title="bbox 176 1510 1182 1593; baseline 0.003 -22"><span class='ocrx_word' id='word_1_80' title='bbox 176 1510 213 1572; x_wconf 84' lang='lat' dir='ltr'>Et</span> <span class='ocrx_word' id='word_1_81' title='bbox 232 1513 284 1573; x_wconf 92' lang='lat' dir='ltr'>tibi</span> <span class='ocrx_word' id='word_1_82' title='bbox 305 1512 466 1573; x_wconf 90' lang='lat' dir='ltr'>nimbosum</span> <span class='ocrx_word' id='word_1_83' title='bbox 485 1514 603 1591; x_wconf 89' lang='lat' dir='ltr'>languet</span> <span class='ocrx_word' id='word_1_84' title='bbox 618 1514 714 1580; x_wconf 81' lang='lat' dir='ltr'>iubar:</span> <span class='ocrx_word' id='word_1_85' title='bbox 737 1532 827 1574; x_wconf 89' lang='lat' dir='ltr'>exere</span> <span class='ocrx_word' id='word_1_86' title='bbox 850 1533 961 1593; x_wconf 90' lang='lat' dir='ltr'>quaeso</span> <span class='ocrx_word' id='word_1_87' title='bbox 1129 1525 1182 1579; x_wconf 82' lang='lat'>305</span> 
     </span>
     <span class='ocr_line' id='line_1_14' title="bbox 177 1594 1021 1678; baseline 0.006 -23"><span class='ocrx_word' id='word_1_88' title='bbox 177 1594 306 1673; x_wconf 82' lang='lat' dir='ltr'>Cornua,</span> <span class='ocrx_word' id='word_1_89' title='bbox 328 1607 358 1657; x_wconf 88' lang='lat' dir='ltr'>et</span> <span class='ocrx_word' id='word_1_90' title='bbox 377 1608 495 1658; x_wconf 88' lang='lat' dir='ltr'>assueto</span> <span class='ocrx_word' id='word_1_91' title='bbox 518 1600 642 1677; x_wconf 86' lang='lat' dir='ltr'>propior</span> <span class='ocrx_word' id='word_1_92' title='bbox 664 1609 778 1678; x_wconf 91' lang='lat' dir='ltr'>premat</span> <span class='ocrx_word' id='word_1_93' title='bbox 800 1598 894 1659; x_wconf 88' lang='lat' dir='ltr'>orbita</span> <span class='ocrx_word' id='word_1_94' title='bbox 916 1609 1021 1660; x_wconf 87' lang='lat' dir='ltr'>terras.</span> 
     </span>
    </p>

    <p class='ocr_par' dir='ltr' id='par_1_11' title="bbox 174 1680 1095 1847">
     <span class='ocr_line' id='line_1_15' title="bbox 174 1680 1095 1763; baseline 0.002 -22"><span class='ocrx_word' id='word_1_95' title='bbox 174 1680 257 1743; x_wconf 89' lang='lat' dir='ltr'>llunc</span> <span class='ocrx_word' id='word_1_96' title='bbox 280 1700 413 1761; x_wconf 91' lang='lat' dir='ltr'>quoque,</span> <span class='ocrx_word' id='word_1_97' title='bbox 436 1687 484 1763; x_wconf 93' lang='lat' dir='ltr'>qui</span> <span class='ocrx_word' id='word_1_98' title='bbox 505 1700 590 1743; x_wconf 81' lang='lat' dir='ltr'>ourrru</span> <span class='ocrx_word' id='word_1_99' title='bbox 611 1684 740 1744; x_wconf 89' lang='lat' dir='ltr'>madidas</span> <span class='ocrx_word' id='word_1_100' title='bbox 762 1684 814 1744; x_wconf 90' lang='lat' dir='ltr'>tibi</span> <span class='ocrx_word' id='word_1_101' title='bbox 834 1702 944 1763; x_wconf 89' lang='lat' dir='ltr'>pronus</span> <span class='ocrx_word' id='word_1_102' title='bbox 966 1684 1095 1745; x_wconf 84' lang='lat' dir='ltr'>habenas</span> 
     </span>
     <span class='ocr_line' id='line_1_16' title="bbox 175 1766 927 1847; baseline 0.003 -21"><span class='ocrx_word' id='word_1_103' title='bbox 175 1768 277 1841; x_wconf 80' lang='lat' dir='ltr'>Ducit,</span> <span class='ocrx_word' id='word_1_104' title='bbox 301 1770 329 1826; x_wconf 96' lang='lat' dir='ltr'>in</span> <span class='ocrx_word' id='word_1_105' title='bbox 352 1766 465 1827; x_wconf 92' lang='lat' dir='ltr'>Aonios</span> <span class='ocrx_word' id='word_1_106' title='bbox 485 1768 592 1845; x_wconf 87' lang='lat' dir='ltr'>vigiles</span> <span class='ocrx_word' id='word_1_107' title='bbox 616 1769 735 1828; x_wconf 86' lang='lat' dir='ltr'>demitte</span> <span class='ocrx_word' id='word_1_108' title='bbox 757 1770 927 1847; x_wconf 89' lang='lat' dir='ltr'>Soporem&#39;</span> 
     </span>
    </p>

    <p class='ocr_par' dir='ltr' id='par_1_12' title="bbox 174 1852 1182 2101">
     <span class='ocr_line' id='line_1_17' title="bbox 175 1852 1042 1931; baseline 0.006 -21"><span class='ocrx_word' id='word_1_109' title='bbox 175 1852 233 1911; x_wconf 89' lang='lat' dir='ltr'>Vix</span> <span class='ocrx_word' id='word_1_110' title='bbox 254 1870 305 1927; x_wconf 81' lang='lat' dir='ltr'>ea,</span> <span class='ocrx_word' id='word_1_111' title='bbox 327 1870 414 1931; x_wconf 91' lang='lat' dir='ltr'>quum</span> <span class='ocrx_word' id='word_1_112' title='bbox 436 1852 537 1912; x_wconf 92' lang='lat' dir='ltr'>scissis</span> <span class='ocrx_word' id='word_1_113' title='bbox 559 1870 692 1931; x_wconf 90' lang='lat' dir='ltr'>magnum</span> <span class='ocrx_word' id='word_1_114' title='bbox 715 1852 771 1913; x_wconf 88' lang='lat' dir='ltr'>dea</span> <span class='ocrx_word' id='word_1_115' title='bbox 792 1854 917 1913; x_wconf 93' lang='lat' dir='ltr'>nubibus</span> <span class='ocrx_word' id='word_1_116' title='bbox 941 1854 1042 1915; x_wconf 94' lang='lat' dir='ltr'>orbem</span> 
     </span>
     <span class='ocr_line' id='line_1_18' title="bbox 174 1936 1182 2015; baseline 0.007 -20"><span class='ocrx_word' id='word_1_117' title='bbox 174 1936 313 2004; x_wconf 87' lang='lat' dir='ltr'>Protulit;</span> <span class='ocrx_word' id='word_1_118' title='bbox 338 1956 486 2015; x_wconf 86' lang='lat' dir='ltr'>expavere</span> <span class='ocrx_word' id='word_1_119' title='bbox 507 1937 642 2013; x_wconf 82' lang='lat' dir='ltr'>umbrae,</span> <span class='ocrx_word' id='word_1_120' title='bbox 664 1936 822 2015; x_wconf 86' lang='lat' dir='ltr'>fulgorque</span> <span class='ocrx_word' id='word_1_121' title='bbox 843 1940 956 1997; x_wconf 90' lang='lat' dir='ltr'>recisus</span> <span class='ocrx_word' id='word_1_122' title='bbox 1129 1950 1182 2002; x_wconf 84' lang='grc'>310</span> 
     </span>
     <span class='ocr_line' id='line_1_19' title="bbox 175 2021 901 2101; baseline -0.003 -20"><span class='ocrx_word' id='word_1_123' title='bbox 175 2021 344 2096; x_wconf 76' lang='lat' dir='ltr'>Sideribus,</span> <span class='ocrx_word' id='word_1_124' title='bbox 366 2022 416 2081; x_wconf 86' lang='lat' dir='ltr'>vix</span> <span class='ocrx_word' id='word_1_125' title='bbox 437 2023 501 2101; x_wconf 91' lang='lat' dir='ltr'>ipsa</span> <span class='ocrx_word' id='word_1_126' title='bbox 523 2022 588 2081; x_wconf 88' lang='lat' dir='ltr'>tulit</span> <span class='ocrx_word' id='word_1_127' title='bbox 608 2023 741 2083; x_wconf 88' lang='lat' dir='ltr'>Saturnia</span> <span class='ocrx_word' id='word_1_128' title='bbox 763 2022 901 2083; x_wconf 87' lang='lat' dir='ltr'>dammas.</span> 
     </span>
    </p>
   </div>
   <div class='ocr_carea' id='block_1_4' title="bbox 85 2104 892 2188">
    <p class='ocr_par' dir='ltr' id='par_1_13' title="bbox 85 2104 892 2188">
     <span class='ocr_line' id='line_1_20' title="bbox 85 2104 892 2188; baseline 0.001 -21"><span class='ocrx_word' id='word_1_129' title='bbox 85 2176 86 2184; x_wconf 8' lang='grc' dir='ltr'>ἵ</span> <span class='ocrx_word' id='word_1_130' title='bbox 174 2104 297 2167; x_wconf 88' lang='lat' dir='ltr'>Primum</span> <span class='ocrx_word' id='word_1_131' title='bbox 317 2124 371 2186; x_wconf 92' lang='lat' dir='ltr'>per</span> <span class='ocrx_word' id='word_1_132' title='bbox 395 2124 513 2186; x_wconf 89' lang='lat' dir='ltr'>campos</span> <span class='ocrx_word' id='word_1_133' title='bbox 537 2106 632 2168; x_wconf 85' lang='lat' dir='ltr'>infuso</span> <span class='ocrx_word' id='word_1_134' title='bbox 655 2108 763 2168; x_wconf 92' lang='lat' dir='ltr'>lumine</span> <span class='ocrx_word' id='word_1_135' title='bbox 784 2108 892 2188; x_wconf 91' lang='lat' dir='ltr'>pallam</span> 
     </span>
    </p>
   </div>
   <div class='ocr_carea' id='block_1_5' title="bbox 96 2191 1214 3800">
    <p class='ocr_par' dir='ltr' id='par_1_14' title="bbox 176 2191 944 2270">
     <span class='ocr_line' id='line_1_21' title="bbox 176 2191 944 2270; baseline -0.001 -18"><span class='ocrx_word' id='word_1_136' title='bbox 176 2191 316 2269; x_wconf 80' lang='lat' dir='ltr'>Coniugis</span> <span class='ocrx_word' id='word_1_137' title='bbox 336 2193 399 2270; x_wconf 90' lang='lat' dir='ltr'>ipsa</span> <span class='ocrx_word' id='word_1_138' title='bbox 421 2209 491 2252; x_wconf 77' lang='lat' dir='ltr'>suros</span> <span class='ocrx_word' id='word_1_139' title='bbox 513 2194 608 2252; x_wconf 87' lang='lat' dir='ltr'>noscit</span> <span class='ocrx_word' id='word_1_140' title='bbox 630 2193 795 2253; x_wconf 90' lang='lat' dir='ltr'>miseranda</span> <span class='ocrx_word' id='word_1_141' title='bbox 814 2193 944 2265; x_wconf 84' lang='lat' dir='ltr'>labores,</span> 
     </span>
    </p>

    <p class='ocr_par' dir='ltr' id='par_1_15' title="bbox 174 2277 1181 2611">
     <span class='ocr_line' id='line_1_22' title="bbox 175 2277 1075 2356; baseline 0 -20"><span class='ocrx_word' id='word_1_142' title='bbox 175 2277 355 2354; x_wconf 83' lang='lat' dir='ltr'>Quamquam</span> <span class='ocrx_word' id='word_1_143' title='bbox 377 2285 458 2337; x_wconf 86' lang='lat' dir='ltr'>texta</span> <span class='ocrx_word' id='word_1_144' title='bbox 479 2277 586 2352; x_wconf 85' lang='lat' dir='ltr'>latent,</span> <span class='ocrx_word' id='word_1_145' title='bbox 609 2278 778 2356; x_wconf 89' lang='lat' dir='ltr'>sullusaque</span> <span class='ocrx_word' id='word_1_146' title='bbox 799 2279 940 2354; x_wconf 86' lang='lat' dir='ltr'>sanguine</span> <span class='ocrx_word' id='word_1_147' title='bbox 961 2288 1075 2338; x_wconf 87' lang='lat' dir='ltr'>moeret</span> 
     </span>
     <span class='ocr_line' id='line_1_23' title="bbox 175 2361 1181 2441; baseline 0 -21"><span class='ocrx_word' id='word_1_148' title='bbox 175 2361 320 2440; x_wconf 87' lang='lat' dir='ltr'>Purpura;</span> <span class='ocrx_word' id='word_1_149' title='bbox 344 2361 469 2441; x_wconf 91' lang='lat' dir='ltr'>dumque</span> <span class='ocrx_word' id='word_1_150' title='bbox 491 2361 564 2422; x_wconf 87' lang='lat' dir='ltr'>de&#39;os</span> <span class='ocrx_word' id='word_1_151' title='bbox 583 2371 671 2422; x_wconf 88' lang='lat' dir='ltr'>vocat</span> <span class='ocrx_word' id='word_1_152' title='bbox 693 2371 723 2422; x_wconf 88' lang='lat' dir='ltr'>et</span> <span class='ocrx_word' id='word_1_153' title='bbox 745 2362 781 2422; x_wconf 89' lang='lat' dir='ltr'>de</span> <span class='ocrx_word' id='word_1_154' title='bbox 802 2361 906 2422; x_wconf 87' lang='lat' dir='ltr'>funere</span> <span class='ocrx_word' id='word_1_155' title='bbox 929 2379 999 2422; x_wconf 88' lang='lat' dir='ltr'>caro</span> <span class='ocrx_word' id='word_1_156' title='bbox 1128 2377 1181 2428; x_wconf 80' lang='lat'>315</span> 
     </span>
     <span class='ocr_line' id='line_1_24' title="bbox 174 2444 1066 2526; baseline 0.006 -22"><span class='ocrx_word' id='word_1_157' title='bbox 174 2444 239 2505; x_wconf 90' lang='lat' dir='ltr'>lloc</span> <span class='ocrx_word' id='word_1_158' title='bbox 262 2465 421 2525; x_wconf 89' lang='lat' dir='ltr'>superesse</span> <span class='ocrx_word' id='word_1_159' title='bbox 444 2455 540 2526; x_wconf 82' lang='lat' dir='ltr'>putat,</span> <span class='ocrx_word' id='word_1_160' title='bbox 562 2447 642 2508; x_wconf 86' lang='lat' dir='ltr'>videt</span> <span class='ocrx_word' id='word_1_161' title='bbox 662 2449 755 2526; x_wconf 89' lang='lat' dir='ltr'>ipsum</span> <span class='ocrx_word' id='word_1_162' title='bbox 777 2447 805 2505; x_wconf 95' lang='lat' dir='ltr'>in</span> <span class='ocrx_word' id='word_1_163' title='bbox 827 2447 950 2525; x_wconf 92' lang='lat' dir='ltr'>pulvere</span> <span class='ocrx_word' id='word_1_164' title='bbox 970 2465 1066 2526; x_wconf 89' lang='lat' dir='ltr'>paene</span> 
     </span>
     <span class='ocr_line' id='line_1_25' title="bbox 176 2527 947 2611; baseline 0.001 -22"><span class='ocrx_word' id='word_1_165' title='bbox 176 2527 341 2598; x_wconf 74' lang='lat' dir='ltr'>Calcatum:</span> <span class='ocrx_word' id='word_1_166' title='bbox 364 2531 469 2608; x_wconf 85' lang='lat' dir='ltr'>lugere</span> <span class='ocrx_word' id='word_1_167' title='bbox 494 2533 603 2592; x_wconf 87' lang='lat' dir='ltr'>animus</span> <span class='ocrx_word' id='word_1_168' title='bbox 624 2534 764 2611; x_wconf 89' lang='lat' dir='ltr'>visusque</span> <span class='ocrx_word' id='word_1_169' title='bbox 788 2548 947 2609; x_wconf 91' lang='lat' dir='ltr'>sonusque,</span> 
     </span>
    </p>

    <p class='ocr_par' dir='ltr' id='par_1_16' title="bbox 173 2613 954 2695">
     <span class='ocr_line' id='line_1_26' title="bbox 173 2613 954 2695; baseline 0 -21"><span class='ocrx_word' id='word_1_170' title='bbox 173 2613 353 2694; x_wconf 88' lang='lat' dir='ltr'>lnolusitqne</span> <span class='ocrx_word' id='word_1_171' title='bbox 375 2616 461 2677; x_wconf 92' lang='lat' dir='ltr'>dolor</span> <span class='ocrx_word' id='word_1_172' title='bbox 482 2615 632 2684; x_wconf 78' lang='lat' dir='ltr'>lacrimas:</span> <span class='ocrx_word' id='word_1_173' title='bbox 654 2626 723 2676; x_wconf 92' lang='lat' dir='ltr'>tunc</span> <span class='ocrx_word' id='word_1_174' title='bbox 743 2633 869 2695; x_wconf 84' lang='lat' dir='ltr'>corpore</span> <span class='ocrx_word' id='word_1_175' title='bbox 893 2625 954 2675; x_wconf 92' lang='lat' dir='ltr'>toto</span> 
     </span>
    </p>

    <p class='ocr_par' dir='ltr' id='par_1_17' title="bbox 174 2701 1181 2948">
     <span class='ocr_line' id='line_1_27' title="bbox 175 2701 1119 2780; baseline 0.003 -22"><span class='ocrx_word' id='word_1_176' title='bbox 175 2701 319 2760; x_wconf 88' lang='lat' dir='ltr'>Sternitur</span> <span class='ocrx_word' id='word_1_177' title='bbox 341 2703 369 2760; x_wconf 91' lang='lat' dir='ltr'>in</span> <span class='ocrx_word' id='word_1_178' title='bbox 390 2701 486 2761; x_wconf 91' lang='lat' dir='ltr'>vultus</span> <span class='ocrx_word' id='word_1_179' title='bbox 508 2703 688 2780; x_wconf 88' lang='lat' dir='ltr'>animamque</span> <span class='ocrx_word' id='word_1_180' title='bbox 708 2719 763 2780; x_wconf 91' lang='lat' dir='ltr'>per</span> <span class='ocrx_word' id='word_1_181' title='bbox 785 2701 886 2760; x_wconf 89' lang='lat' dir='ltr'>oscula</span> <span class='ocrx_word' id='word_1_182' title='bbox 908 2705 1022 2780; x_wconf 88' lang='lat' dir='ltr'>quaerit</span> <span class='ocrx_word' id='word_1_183' title='bbox 1116 2717 1119 2721; x_wconf 77' lang='grc'><em>’</em></span> 
     </span>
     <span class='ocr_line' id='line_1_28' title="bbox 174 2783 1181 2864; baseline 0.003 -21"><span class='ocrx_word' id='word_1_184' title='bbox 174 2783 353 2861; x_wconf 88' lang='lat' dir='ltr'>Absentem,</span> <span class='ocrx_word' id='word_1_185' title='bbox 373 2803 565 2864; x_wconf 90' lang='lat' dir='ltr'>pressumque</span> <span class='ocrx_word' id='word_1_186' title='bbox 588 2788 678 2846; x_wconf 87' lang='lat' dir='ltr'>comis</span> <span class='ocrx_word' id='word_1_187' title='bbox 700 2805 735 2846; x_wconf 91' lang='lat' dir='ltr'>ac</span> <span class='ocrx_word' id='word_1_188' title='bbox 756 2795 841 2844; x_wconf 88' lang='lat' dir='ltr'>veste</span> <span class='ocrx_word' id='word_1_189' title='bbox 864 2804 999 2846; x_wconf 86' lang='lat' dir='ltr'>cruorem</span> <span class='ocrx_word' id='word_1_190' title='bbox 1128 2801 1181 2854; x_wconf 75' lang='grc'>300</span> 
     </span>
     <span class='ocr_line' id='line_1_29' title="bbox 176 2869 941 2948; baseline 0.001 -20"><span class='ocrx_word' id='word_1_191' title='bbox 176 2871 334 2929; x_wconf 87' lang='lat' dir='ltr'>Servatura</span> <span class='ocrx_word' id='word_1_192' title='bbox 357 2871 439 2948; x_wconf 90' lang='lat' dir='ltr'>legit.</span> <span class='ocrx_word' id='word_1_193' title='bbox 477 2869 547 2930; x_wconf 88' lang='lat' dir='ltr'>hlox</span> <span class='ocrx_word' id='word_1_194' title='bbox 569 2871 685 2931; x_wconf 88' lang='lat' dir='ltr'>tandem</span> <span class='ocrx_word' id='word_1_195' title='bbox 705 2888 783 2930; x_wconf 85' lang='lat' dir='ltr'>voce</span> <span class='ocrx_word' id='word_1_196' title='bbox 804 2889 941 2930; x_wconf 91' lang='lat' dir='ltr'>reversa:</span> 
     </span>
    </p>

    <p class='ocr_par' dir='ltr' id='par_1_18' title="bbox 173 2953 1047 3119">
     <span class='ocr_line' id='line_1_30' title="bbox 175 2953 1047 3034; baseline 0.008 -22"><span class='ocrx_word' id='word_1_197' title='bbox 175 2953 277 3014; x_wconf 75' lang='lat' dir='ltr'>‘Hunc</span> <span class='ocrx_word' id='word_1_198' title='bbox 299 2971 355 3032; x_wconf 89' lang='lat' dir='ltr'>ego</span> <span class='ocrx_word' id='word_1_199' title='bbox 377 2965 423 3028; x_wconf 87' lang='lat' dir='ltr'>te,</span> <span class='ocrx_word' id='word_1_200' title='bbox 445 2957 568 3031; x_wconf 88' lang='lat' dir='ltr'>coniux,</span> <span class='ocrx_word' id='word_1_201' title='bbox 590 2955 626 3015; x_wconf 87' lang='lat' dir='ltr'>ad</span> <span class='ocrx_word' id='word_1_202' title='bbox 648 2956 746 3016; x_wconf 89' lang='lat' dir='ltr'>debita</span> <span class='ocrx_word' id='word_1_203' title='bbox 767 2973 858 3033; x_wconf 85' lang='lat' dir='ltr'>regna</span> <span class='ocrx_word' id='word_1_204' title='bbox 882 2957 1047 3034; x_wconf 88' lang='lat' dir='ltr'>proiectum</span> 
     </span>
     <span class='ocr_line' id='line_1_31' title="bbox 173 3039 936 3119; baseline 0.003 -21"><span class='ocrx_word' id='word_1_205' title='bbox 173 3039 335 3098; x_wconf 86' lang='lat' dir='ltr'>Ductorem</span> <span class='ocrx_word' id='word_1_206' title='bbox 357 3039 426 3099; x_wconf 91' lang='lat' dir='ltr'>belli</span> <span class='ocrx_word' id='word_1_207' title='bbox 448 3047 648 3118; x_wconf 84' lang='lat' dir='ltr'>generumque</span> <span class='ocrx_word' id='word_1_208' title='bbox 670 3042 799 3119; x_wconf 90' lang='lat' dir='ltr'>potentis</span> <span class='ocrx_word' id='word_1_209' title='bbox 817 3039 936 3100; x_wconf 87' lang='lat' dir='ltr'>Adrasti</span> 
     </span>
    </p>

    <p class='ocr_par' dir='ltr' id='par_1_19' title="bbox 174 3123 900 3203">
     <span class='ocr_line' id='line_1_32' title="bbox 174 3123 900 3203; baseline 0 -21"><span class='ocrx_word' id='word_1_210' title='bbox 174 3123 335 3203; x_wconf 91' lang='lat' dir='ltr'>Adspioio,</span> <span class='ocrx_word' id='word_1_211' title='bbox 355 3125 479 3202; x_wconf 89' lang='lat' dir='ltr'>talisque</span> <span class='ocrx_word' id='word_1_212' title='bbox 501 3125 556 3185; x_wconf 93' lang='lat' dir='ltr'>tuis</span> <span class='ocrx_word' id='word_1_213' title='bbox 579 3141 703 3184; x_wconf 91' lang='lat' dir='ltr'>occurro</span> <span class='ocrx_word' id='word_1_214' title='bbox 726 3123 900 3202; x_wconf 79' lang='lat' dir='ltr'>triumphis?</span> 
     </span>
    </p>

    <p class='ocr_par' dir='ltr' id='par_1_20' title="bbox 173 3207 1181 3372">
     <span class='ocr_line' id='line_1_33' title="bbox 173 3207 1181 3288; baseline 0.001 -20"><span class='ocrx_word' id='word_1_215' title='bbox 173 3207 240 3268; x_wconf 86' lang='lat' dir='ltr'>Huc</span> <span class='ocrx_word' id='word_1_216' title='bbox 258 3207 360 3268; x_wconf 87' lang='lat' dir='ltr'>attollo</span> <span class='ocrx_word' id='word_1_217' title='bbox 384 3227 474 3286; x_wconf 88' lang='lat' dir='ltr'>genas</span> <span class='ocrx_word' id='word_1_218' title='bbox 496 3209 671 3288; x_wconf 87' lang='lat' dir='ltr'>delectaque</span> <span class='ocrx_word' id='word_1_219' title='bbox 694 3209 913 3270; x_wconf 75' lang='lat' dir='ltr'>lumina1venit</span> <span class='ocrx_word' id='word_1_220' title='bbox 1129 3223 1181 3276; x_wconf 73' lang='lat'>325</span> 
     </span>
     <span class='ocr_line' id='line_1_34' title="bbox 173 3290 972 3372; baseline 0.003 -20"><span class='ocrx_word' id='word_1_221' title='bbox 173 3293 223 3353; x_wconf 91' lang='lat' dir='ltr'>Ad</span> <span class='ocrx_word' id='word_1_222' title='bbox 244 3291 361 3353; x_wconf 86' lang='lat' dir='ltr'>Thebas</span> <span class='ocrx_word' id='word_1_223' title='bbox 380 3291 471 3370; x_wconf 87' lang='lat' dir='ltr'>Argia</span> <span class='ocrx_word' id='word_1_224' title='bbox 493 3303 566 3354; x_wconf 86' lang='lat' dir='ltr'>tuas.</span> <span class='ocrx_word' id='word_1_225' title='bbox 607 3294 688 3372; x_wconf 75' lang='lat' dir='ltr'>Age,</span> <span class='ocrx_word' id='word_1_226' title='bbox 711 3290 865 3352; x_wconf 91' lang='lat' dir='ltr'>moenibus</span> <span class='ocrx_word' id='word_1_227' title='bbox 887 3294 972 3354; x_wconf 88' lang='lat' dir='ltr'>induc</span> 
     </span>
    </p>

    <p class='ocr_par' dir='ltr' id='par_1_21' title="bbox 173 3373 863 3456">
     <span class='ocr_line' id='line_1_35' title="bbox 173 3373 863 3456; baseline 0.001 -19"><span class='ocrx_word' id='word_1_228' title='bbox 173 3373 214 3438; x_wconf 82' lang='lat' dir='ltr'>El</span> <span class='ocrx_word' id='word_1_229' title='bbox 231 3380 343 3456; x_wconf 89' lang='lat' dir='ltr'>patrios</span> <span class='ocrx_word' id='word_1_230' title='bbox 362 3377 484 3438; x_wconf 91' lang='lat' dir='ltr'>ostende</span> <span class='ocrx_word' id='word_1_231' title='bbox 506 3379 583 3440; x_wconf 89' lang='lat' dir='ltr'>lares</span> <span class='ocrx_word' id='word_1_232' title='bbox 608 3389 637 3438; x_wconf 90' lang='lat' dir='ltr'>et</span> <span class='ocrx_word' id='word_1_233' title='bbox 658 3389 754 3439; x_wconf 89' lang='lat' dir='ltr'>mutua</span> <span class='ocrx_word' id='word_1_234' title='bbox 772 3379 863 3438; x_wconf 89' lang='lat' dir='ltr'>redde</span> 
     </span>
    </p>

    <p class='ocr_par' dir='ltr' id='par_1_22' title="bbox 173 3461 1018 3544">
     <span class='ocr_line' id='line_1_36' title="bbox 173 3461 1018 3544; baseline 0.002 -22"><span class='ocrx_word' id='word_1_235' title='bbox 173 3462 317 3542; x_wconf 92' lang='lat' dir='ltr'>Hospitia.</span> <span class='ocrx_word' id='word_1_236' title='bbox 361 3461 424 3522; x_wconf 89' lang='lat' dir='ltr'>lleu</span> <span class='ocrx_word' id='word_1_237' title='bbox 448 3465 515 3541; x_wconf 91' lang='lat' dir='ltr'>quid</span> <span class='ocrx_word' id='word_1_238' title='bbox 537 3463 615 3542; x_wconf 89' lang='lat' dir='ltr'>ago?</span> <span class='ocrx_word' id='word_1_239' title='bbox 638 3465 788 3544; x_wconf 90' lang='lat' dir='ltr'>proiectus</span> <span class='ocrx_word' id='word_1_240' title='bbox 807 3464 921 3541; x_wconf 89' lang='lat' dir='ltr'>cespite</span> <span class='ocrx_word' id='word_1_241' title='bbox 941 3467 1018 3525; x_wconf 82' lang='lat' dir='ltr'>crudo</span> 
     </span>
    </p>

    <p class='ocr_par' dir='ltr' id='par_1_23' title="bbox 116 3546 972 3628">
     <span class='ocr_line' id='line_1_37' title="bbox 116 3546 972 3628; baseline 0.001 -22"><span class='ocrx_word' id='word_1_242' title='bbox 116 3611 117 3614; x_wconf 46' lang='lat'>,</span> <span class='ocrx_word' id='word_1_243' title='bbox 172 3547 239 3607; x_wconf 88' lang='lat' dir='ltr'>Hoc</span> <span class='ocrx_word' id='word_1_244' title='bbox 260 3547 371 3624; x_wconf 83' lang='lat' dir='ltr'>patriae</span> <span class='ocrx_word' id='word_1_245' title='bbox 393 3547 507 3607; x_wconf 90' lang='lat' dir='ltr'>telluris</span> <span class='ocrx_word' id='word_1_246' title='bbox 527 3547 640 3608; x_wconf 83' lang='lat' dir='ltr'>habes?</span> <span class='ocrx_word' id='word_1_247' title='bbox 662 3565 737 3628; x_wconf 88' lang='lat' dir='ltr'>quae</span> <span class='ocrx_word' id='word_1_248' title='bbox 759 3546 869 3626; x_wconf 81' lang='lat' dir='ltr'>iurgia?</span> <span class='ocrx_word' id='word_1_249' title='bbox 891 3560 972 3609; x_wconf 90' lang='lat' dir='ltr'>certe</span> 
     </span>
    </p>

    <p class='ocr_par' dir='ltr' id='par_1_24' title="bbox 170 3632 1181 3710">
     <span class='ocr_line' id='line_1_38' title="bbox 170 3632 1181 3710; baseline 0 -18"><span class='ocrx_word' id='word_1_250' title='bbox 170 3632 329 3709; x_wconf 91' lang='lat' dir='ltr'>Imperium</span> <span class='ocrx_word' id='word_1_251' title='bbox 352 3649 409 3691; x_wconf 93' lang='lat' dir='ltr'>non</span> <span class='ocrx_word' id='word_1_252' title='bbox 430 3632 527 3691; x_wconf 77' lang='grc'>100100</span> <span class='ocrx_word' id='word_1_253' title='bbox 541 3633 642 3710; x_wconf 86' lang='lat' dir='ltr'>habet!</span> <span class='ocrx_word' id='word_1_254' title='bbox 664 3634 798 3693; x_wconf 88' lang='lat' dir='ltr'>nullasne</span> <span class='ocrx_word' id='word_1_255' title='bbox 819 3641 941 3692; x_wconf 89' lang='lat' dir='ltr'>tuorum</span> <span class='ocrx_word' id='word_1_256' title='bbox 1128 3645 1181 3700; x_wconf 79' lang='lat'>330</span> 
     </span>
    </p>

    <p class='ocr_par' dir='ltr' id='par_1_25' title="bbox 96 3713 1214 3800">
     <span class='ocr_line' id='line_1_39' title="bbox 96 3713 1214 3800; baseline 0.002 -24"><span class='ocrx_word' id='word_1_257' title='bbox 96 3793 100 3800; x_wconf 31' lang='grc' dir='ltr'>Ι</span> <span class='ocrx_word' id='word_1_258' title='bbox 171 3713 464 3776; x_wconf 81' lang='lat' dir='ltr'>Movistllacrimas‘?</span> <span class='ocrx_word' id='word_1_259' title='bbox 486 3717 534 3776; x_wconf 92' lang='lat' dir='ltr'>ubi</span> <span class='ocrx_word' id='word_1_260' title='bbox 556 3718 732 3794; x_wconf 89' lang='lat' dir='ltr'>mater,ubi</span> <span class='ocrx_word' id='word_1_261' title='bbox 755 3719 853 3778; x_wconf 88' lang='lat' dir='ltr'>inclita</span> <span class='ocrx_word' id='word_1_262' title='bbox 874 3719 949 3778; x_wconf 89' lang='lat' dir='ltr'>lama</span> <span class='ocrx_word' id='word_1_263' title='bbox 1212 3731 1214 3734; x_wconf 76' lang='grc'>’</span> 
     </span>
    </p>
   </div>
   <div class='ocr_carea' id='block_1_6' title="bbox 0 0 1426 4300">
    <p class='ocr_par' dir='ltr' id='par_1_26' title="bbox 0 0 1426 4300">
     <span class='ocr_line' id='line_1_40' title="bbox 0 0 1426 4300; baseline 0 4"><span class='ocrx_word' id='word_1_264' title='bbox 0 0 1426 4300; x_wconf 95' lang='lat' dir='ltr'> </span> 
     </span>
    </p>
   </div>
  </div>
 </body>
</html>
