2842 4300
264 337 327 403 tot
598 352 631 400 r.
650 351 789 404 rernm
809 351 925 405 ararat
1015 397 1018 403 .

263 506 542 584 virginitate-viles
563 506 686 571 mediam
706 524 742 570 se
762 506 842 569 ferre
860 508 990 571 virumn

161 664 162 669 γ
265 589 427 651 Costihus‘i
447 602 536 673 utque
559 594 639 655 acies
660 592 772 668 audax,
797 602 826 653 et
845 591 949 655 llumia
970 594 1053 671 signa

264 672 441 755 Temperet?
461 696 498 738 en
521 678 609 739 etiam
632 678 722 740 donat
742 676 925 756 praebetque
946 677 1096 743 necandos

264 758 320 821 Tot
338 769 437 821 nostra
461 762 498 823 de
519 771 608 839 gente
629 763 728 836 viros3
748 761 817 825 hnic
837 762 941 824 traditu
962 763 1064 837 virtus,

263 844 337 905 Huic
357 843 458 905 iuror?
480 855 614 924 agrestes
636 856 773 925 superest
792 846 844 907 tihi
865 846 958 923 ligere
977 846 1099 909 damas?

264 929 389 989 Desiluit
409 930 492 991 iustis
514 940 674 993 commotus
697 932 727 992 in
745 950 823 993 arma
843 931 975 1010 querelis

264 1014 462 1094 Bellipotens,
486 1017 531 1075 cui
549 1016 613 1077 sola
636 1032 742 1093 sagum
763 1034 818 1094 per
837 1018 922 1078 inane
941 1018 1038 1077 ruenti

263 1098 310 1161 lra
332 1116 448 1178 comes,
466 1100 571 1181 reliqui
593 1100 696 1163 suurn
714 1100 752 1161 ad
770 1100 850 1161 heila
869 1100 1008 1161 Furores,

325 1182 389 1245 Nec
410 1201 508 1262 mora,
531 1203 617 1264 quum
637 1194 779 1248 moestam
799 1184 1045 1251 mustulentus
1062 1186 1138 1248 lauro

264 1268 399 1349 increpat
420 1270 577 1330 assistens:
603 1268 688 1331 ‘Non
707 1269 785 1333 haec
802 1268 855 1330 tihi
876 1269 991 1349 proelia
1011 1271 1107 1334 dirum

263 1353 321 1414 Dat
337 1362 440 1434 pater,
463 1354 628 1446 armiferum
649 1356 678 1415 ni
697 1356 829 1433 protinus
849 1354 974 1433 inproha
993 1371 1127 1434 campum

264 1438 405 1515 Deseris,
429 1438 496 1499 huic
516 1458 640 1519 aequum
662 1456 771 1499 nosces
791 1456 849 1499 neo
869 1438 987 1502 Pallutla
1007 1440 1155 1502 dextrae?

265 1521 340 1595 Quid
360 1521 468 1584 iaciat?
513 1522 620 1586 Contra
642 1524 749 1602 premit
763 1524 832 1585 hinc
851 1522 995 1584 Mavortia
1016 1527 1128 1603 cuspis,

264 1606 337 1668 Hinc
358 1608 465 1687 plenae
486 1609 555 1685 tihi,
578 1625 686 1688 parve,
708 1607 808 1684 colus,
831 1607 910 1671 loris
931 1608 1000 1670 intle
1018 1612 1117 1672 severi

263 1691 384 1769 Vultus,
407 1691 467 1753 ahit
487 1693 553 1753 solo
575 1702 643 1771 post
663 1691 738 1753 haec
757 1692 872 1754 denota
891 1693 1014 1772 pudore.

326 1776 366 1837 At
385 1786 469 1855 pater
491 1776 620 1855 Ogygias
638 1776 756 1838 llarors
775 1778 972 1857 circumspicit
992 1778 1056 1839 alas

262 1860 504 1940 Horrendumque
520 1862 649 1938 Dryanta
671 1870 787 1938 moret,
808 1864 856 1925 cui
873 1863 1020 1939 sauguinis
1039 1872 1144 1925 auctor

264 1944 406 2009 'lurhitlus
425 1944 535 2025 Drion,
556 1948 738 2025 comitesque
758 1946 859 2009 odhra
879 1946 991 2010 Dianae

263 2029 334 2091 lnde
355 2030 432 2091 furit.
475 2032 599 2093 Primum
616 2030 664 2091 hic
685 2031 816 2093 turbatos
840 2032 943 2110 arripit
962 2050 1034 2095 ense

263 2115 394 2178 Arcadas
416 2126 602 2196 exarmatque
620 2116 740 2186 ducem;
760 2115 838 2178 cadit
858 2117 973 2194 agmine
992 2116 1081 2196 longo

265 2199 404 2278 Cyllenes
426 2201 552 2281 populus
572 2200 749 2280 Tegeesque
767 2201 914 2264 habitator
934 2219 1060 2281 opacae,

264 2286 431 2366 Aepitiique
454 2287 545 2346 duces
566 2287 678 2363 lugiunt
698 2287 869 2365 Pheneique
887 2285 1058 2366 phalanges.

264 2369 362 2448 Ipsum
382 2380 476 2430 antem
499 2379 529 2430 et
550 2370 627 2430 lausa
647 2370 709 2432 fidit
730 2381 920 2450 prosternere
938 2371 1053 2446 (lextra,

263 2453 328 2514 Nec
350 2464 449 2514 servat
467 2455 561 2516 vires:
582 2455 689 2516 etenim
706 2455 764 2516 huo
785 2457 841 2517 iem
859 2457 958 2518 lessus
978 2466 1008 2517 et
1025 2457 1096 2518 illuc

263 2536 391 2599 liutahat
408 2548 529 2608 turmae
552 2548 656 2616 urgent
677 2541 832 2618 praesagia
849 2541 929 2601 mille

263 2621 402 2701 Funeris,
426 2633 456 2684 et
474 2624 574 2702 nigrae
593 2624 774 2703 praecedunt
794 2625 893 2686 nubila
910 2625 1021 2685 mortis.

263 2706 382 2787 lamque
400 2709 489 2770 miser
505 2726 589 2770 raros
610 2709 733 2770 comites
752 2727 912 2788 rerumque
930 2708 1049 2773 naemu

264 2791 398 2870 Dorcea,
420 2795 477 2854 iam
497 2794 575 2858 vires
595 2794 732 2873 paulatim
753 2793 917 2857 abscedere
935 2795 1033 2870 sentit,

265 2879 358 2938 Sentit
378 2887 407 2938 et
429 2880 584 2940 exhaustas
605 2879 726 2941 humero
745 2878 859 2940 leviore
882 2879 1043 2958 pharetras.

264 2961 323 3024 lam
342 2964 433 3032 minus
453 2972 539 3041 atque
560 2964 652 3024 minus
674 2963 732 3025 ient
751 2981 830 3025 arma
846 2981 978 3042 puerque
999 2962 1115 3024 ridetur

159 3113 163 3122 ,
264 3046 302 3107 Et
323 3047 394 3124 sihi,
416 3065 502 3126 quum
523 3055 606 3108 torva
626 3047 716 3126 clipei
737 3049 909 3110 metuentius
931 3047 1042 3108 oharsit

262 3131 340 3192 luce
360 3130 471 3207 Dryas;
493 3141 602 3194 tremor
621 3149 673 3194 ora
694 3151 802 3212 repens
824 3151 861 3193 ac
877 3134 992 3194 viscera
1010 3132 1096 3194 torsit

262 3214 409 3284 Arcadum
433 3225 520 3295 utque
539 3217 595 3278 ieri
615 3227 767 3280 vectorem
785 3217 911 3280 fulminis
933 3217 1018 3281 albus

263 3299 357 3374 Quum
375 3318 463 3380 snpra
485 3303 618 3381 respexit
636 3302 718 3379 olor,
742 3303 823 3382 cupit
842 3302 960 3364 hiscere
981 3304 1073 3380 ripm

263 3385 433 3460 Strymonos
455 3396 484 3447 et
503 3386 631 3467 trepidas
648 3389 677 3448 in
698 3398 821 3466 pectora
839 3387 983 3449 conuahit
1003 3387 1079 3451 atas:

263 3469 312 3530 Sic
335 3470 469 3532 iuvenem
488 3473 570 3532 saevi
592 3481 753 3551 conspecta
772 3472 850 3532 mole
872 3471 1010 3548 Dryantis

262 3553 321 3614 lam
342 3572 400 3615 non
420 3557 462 3615 ira
484 3555 576 3632 suhit,
597 3556 651 3616 seul
672 3556 725 3617 leti
743 3557 858 3617 nunnus
877 3557 994 3619 horror.
1024 3613 1026 3618 .

262 3637 352 3702 Arma
368 3649 478 3718 umen,
500 3638 607 3702 frustra
629 3657 755 3720 superos
775 3639 958 3720 Triuiamque
977 3651 1125 3721 precatus,
