<?xml version="1.0" encoding="UTF-8"?>
<!DOCTYPE html PUBLIC "-//W3C//DTD XHTML 1.0 Transitional//EN"
    "http://www.w3.org/TR/xhtml1/DTD/xhtml1-transitional.dtd">
<html xmlns="http://www.w3.org/1999/xhtml" xml:lang="en" lang="en">
 <head>
  <title>
</title>
<meta http-equiv="Content-Type" content="text/html;charset=utf-8" />
  <meta name='ocr-system' content='tesseract 3.04.00' />
  <meta name='ocr-capabilities' content='ocr_page ocr_carea ocr_par ocr_line ocrx_word'/>
</head>
<body>
  <div class='ocr_page' id='page_1' title='image "./publiuspapinius01quecgoog/publiuspapinius01quecgoog_0391.png"; bbox 0 0 2842 4300; ppageno 0'>
   <div class='ocr_carea' id='block_1_1' title="bbox 274 362 933 429">
    <p class='ocr_par' dir='ltr' id='par_1_1' title="bbox 274 362 933 429">
     <span class='ocr_line' id='line_1_1' title="bbox 274 362 933 429; baseline 0.009 -6"><span class='ocrx_word' id='word_1_1' title='bbox 274 362 332 424; x_wconf 84' lang='grc'><strong>194</strong></span> <span class='ocrx_word' id='word_1_2' title='bbox 608 378 640 427; x_wconf 84' lang='lat' dir='ltr'><strong>P.</strong></span> <span class='ocrx_word' id='word_1_3' title='bbox 660 378 795 427; x_wconf 77' lang='lat' dir='ltr'><strong>aarum</strong></span> <span class='ocrx_word' id='word_1_4' title='bbox 814 378 933 429; x_wconf 74' lang='lat' dir='ltr'><strong>snam</strong></span> 
     </span>
    </p>
   </div>
   <div class='ocr_carea' id='block_1_2' title="bbox 257 532 1284 3324">
    <p class='ocr_par' dir='ltr' id='par_1_2' title="bbox 268 532 1284 1884">
     <span class='ocr_line' id='line_1_2' title="bbox 334 532 1264 617; baseline 0.012 -26"><span class='ocrx_word' id='word_1_5' title='bbox 334 532 384 592; x_wconf 89' lang='lat' dir='ltr'><strong>Sie</strong></span> <span class='ocrx_word' id='word_1_6' title='bbox 405 533 445 593; x_wconf 90' lang='lat' dir='ltr'><strong>ait</strong></span> <span class='ocrx_word' id='word_1_7' title='bbox 464 532 631 596; x_wconf 73' lang='lat' dir='ltr'>infrendens</span> <span class='ocrx_word' id='word_1_8' title='bbox 651 546 684 597; x_wconf 91' lang='lat' dir='ltr'><strong>et</strong></span> <span class='ocrx_word' id='word_1_9' title='bbox 701 545 809 617; x_wconf 87' lang='lat' dir='ltr'><strong>sponte</strong></span> <span class='ocrx_word' id='word_1_10' title='bbox 827 535 990 598; x_wconf 70' lang='lat' dir='ltr'><strong>teramum</strong></span> <span class='ocrx_word' id='word_1_11' title='bbox 1008 537 1095 600; x_wconf 79' lang='lat' dir='ltr'><strong>undis</strong></span> <span class='ocrx_word' id='word_1_12' title='bbox 1212 568 1217 575; x_wconf 85' lang='lat'><strong>·</strong></span> <span class='ocrx_word' id='word_1_13' title='bbox 1259 546 1264 553; x_wconf 89' lang='lat'>&#39;</span> 
     </span>
     <span class='ocr_line' id='line_1_3' title="bbox 270 616 1048 699; baseline 0.005 -20"><span class='ocrx_word' id='word_1_14' title='bbox 270 619 360 695; x_wconf 89' lang='lat' dir='ltr'><strong>Signa</strong></span> <span class='ocrx_word' id='word_1_15' title='bbox 379 616 471 687; x_wconf 90' lang='lat' dir='ltr'><strong>dedit;</strong></span> <span class='ocrx_word' id='word_1_16' title='bbox 497 620 581 681; x_wconf 90' lang='lat' dir='ltr'><strong>mittit</strong></span> <span class='ocrx_word' id='word_1_17' title='bbox 600 620 716 699; x_wconf 84' lang='lat' dir='ltr'><strong>gelidus</strong></span> <span class='ocrx_word' id='word_1_18' title='bbox 732 630 868 683; x_wconf 78' lang='lat' dir='ltr'><strong>mentm</strong></span> <span class='ocrx_word' id='word_1_19' title='bbox 890 620 1048 683; x_wconf 79' lang='lat' dir='ltr'><strong>Cithaeron</strong></span> 
     </span>
     <span class='ocr_line' id='line_1_4' title="bbox 270 702 1019 785; baseline 0.005 -22"><span class='ocrx_word' id='word_1_20' title='bbox 270 702 386 763; x_wconf 81' lang='lat' dir='ltr'><strong>Auxilia</strong></span> <span class='ocrx_word' id='word_1_21' title='bbox 406 705 596 783; x_wconf 85' lang='lat' dir='ltr'><strong>antiquasque</strong></span> <span class='ocrx_word' id='word_1_22' title='bbox 617 706 701 767; x_wconf 83' lang='lat' dir='ltr'><strong>nives</strong></span> <span class='ocrx_word' id='word_1_23' title='bbox 722 715 754 766; x_wconf 91' lang='lat' dir='ltr'><strong>et</strong></span> <span class='ocrx_word' id='word_1_24' title='bbox 770 706 879 785; x_wconf 79' lang='lat' dir='ltr'><strong>pabula</strong></span> <span class='ocrx_word' id='word_1_25' title='bbox 898 705 1019 767; x_wconf 83' lang='lat' dir='ltr'><strong>brumae</strong></span> 
     </span>
     <span class='ocr_line' id='line_1_5' title="bbox 270 786 907 870; baseline 0.006 -22"><span class='ocrx_word' id='word_1_26' title='bbox 270 787 317 848; x_wconf 91' lang='lat' dir='ltr'><strong>lre</strong></span> <span class='ocrx_word' id='word_1_27' title='bbox 338 786 433 856; x_wconf 86' lang='lat' dir='ltr'><strong>inbet;</strong></span> <span class='ocrx_word' id='word_1_28' title='bbox 454 788 545 848; x_wconf 87' lang='lat' dir='ltr'><strong>irater</strong></span> <span class='ocrx_word' id='word_1_29' title='bbox 565 790 668 850; x_wconf 81' lang='lat' dir='ltr'><strong>tenitas</strong></span> <span class='ocrx_word' id='word_1_30' title='bbox 688 790 810 870; x_wconf 79' lang='lat' dir='ltr'><strong>Asopos</strong></span> <span class='ocrx_word' id='word_1_31' title='bbox 827 792 907 852; x_wconf 73' lang='lat' dir='ltr'><strong>eunti</strong></span> 
     </span>
     <span class='ocr_line' id='line_1_6' title="bbox 272 870 1284 940; baseline 0.007 -7"><span class='ocrx_word' id='word_1_32' title='bbox 272 870 414 933; x_wconf 80' lang='lat' dir='ltr'><strong>Conciliat</strong></span> <span class='ocrx_word' id='word_1_33' title='bbox 435 874 515 933; x_wconf 86' lang='lat' dir='ltr'><strong>vires</strong></span> <span class='ocrx_word' id='word_1_34' title='bbox 536 881 567 933; x_wconf 89' lang='lat' dir='ltr'><strong>et</strong></span> <span class='ocrx_word' id='word_1_35' title='bbox 587 873 692 935; x_wconf 78' lang='lat' dir='ltr'><strong>binleis</strong></span> <span class='ocrx_word' id='word_1_36' title='bbox 713 874 827 936; x_wconf 77' lang='lat' dir='ltr'><strong>flumina</strong></span> <span class='ocrx_word' id='word_1_37' title='bbox 848 876 933 936; x_wconf 77' lang='lat' dir='ltr'><strong>venis</strong></span> <span class='ocrx_word' id='word_1_38' title='bbox 1226 886 1284 940; x_wconf 68' lang='lat' dir='ltr'><strong>dno</strong></span> 
     </span>
     <span class='ocr_line' id='line_1_7' title="bbox 271 958 1118 1037; baseline 0.004 -20"><span class='ocrx_word' id='word_1_39' title='bbox 271 958 425 1035; x_wconf 88' lang='lat' dir='ltr'><strong>Suggerit,</strong></span> <span class='ocrx_word' id='word_1_40' title='bbox 453 959 519 1037; x_wconf 88' lang='lat' dir='ltr'><strong>ipse</strong></span> <span class='ocrx_word' id='word_1_41' title='bbox 540 974 631 1019; x_wconf 78' lang='lat' dir='ltr'><strong>navae</strong></span> <span class='ocrx_word' id='word_1_42' title='bbox 652 968 798 1021; x_wconf 77' lang='lat' dir='ltr'><strong>sumtstar</strong></span> <span class='ocrx_word' id='word_1_43' title='bbox 815 962 933 1021; x_wconf 84' lang='lat' dir='ltr'><strong>visoera</strong></span> <span class='ocrx_word' id='word_1_44' title='bbox 954 968 1063 1035; x_wconf 85' lang='lat' dir='ltr'><strong>terrae,</strong></span> <span class='ocrx_word' id='word_1_45' title='bbox 1114 990 1118 995; x_wconf 90' lang='lat'><em>·</em></span> 
     </span>
     <span class='ocr_line' id='line_1_8' title="bbox 270 1042 1093 1125; baseline 0.004 -23"><span class='ocrx_word' id='word_1_46' title='bbox 270 1042 438 1120; x_wconf 80' lang='lat' dir='ltr'><strong>stagnaque</strong></span> <span class='ocrx_word' id='word_1_47' title='bbox 458 1051 668 1122; x_wconf 76' lang='lat' dir='ltr'><strong>torpentesque</strong></span> <span class='ocrx_word' id='word_1_48' title='bbox 688 1043 770 1105; x_wconf 83' lang='lat' dir='ltr'><strong>luens</strong></span> <span class='ocrx_word' id='word_1_49' title='bbox 788 1046 947 1125; x_wconf 85' lang='lat' dir='ltr'><strong>pigrasque</strong></span> <span class='ocrx_word' id='word_1_50' title='bbox 969 1044 1093 1123; x_wconf 85' lang='lat' dir='ltr'><strong>paludes</strong></span> 
     </span>
     <span class='ocr_line' id='line_1_9' title="bbox 269 1124 1057 1205; baseline 0.005 -20"><span class='ocrx_word' id='word_1_51' title='bbox 269 1124 404 1202; x_wconf 82' lang='lat' dir='ltr'><strong>Excutit,</strong></span> <span class='ocrx_word' id='word_1_52' title='bbox 426 1134 512 1205; x_wconf 91' lang='lat' dir='ltr'><strong>atque</strong></span> <span class='ocrx_word' id='word_1_53' title='bbox 533 1128 634 1188; x_wconf 87' lang='lat' dir='ltr'><strong>avidos</strong></span> <span class='ocrx_word' id='word_1_54' title='bbox 654 1128 764 1189; x_wconf 72' lang='lat' dir='ltr'><strong>tollen</strong></span> <span class='ocrx_word' id='word_1_55' title='bbox 783 1130 822 1190; x_wconf 83' lang='lat' dir='ltr'><strong>ad</strong></span> <span class='ocrx_word' id='word_1_56' title='bbox 842 1130 939 1191; x_wconf 88' lang='lat' dir='ltr'><strong>sidera</strong></span> <span class='ocrx_word' id='word_1_57' title='bbox 959 1128 1057 1190; x_wconf 80' lang='lat' dir='ltr'><strong>vultus</strong></span> 
     </span>
     <span class='ocr_line' id='line_1_10' title="bbox 269 1210 986 1276; baseline 0.01 -7"><span class='ocrx_word' id='word_1_58' title='bbox 269 1210 427 1270; x_wconf 82' lang='lat' dir='ltr'><strong>Humentes</strong></span> <span class='ocrx_word' id='word_1_59' title='bbox 445 1210 567 1272; x_wconf 82' lang='lat' dir='ltr'><strong>nebulas</strong></span> <span class='ocrx_word' id='word_1_60' title='bbox 585 1212 719 1273; x_wconf 77' lang='lat' dir='ltr'><strong>exhaurit</strong></span> <span class='ocrx_word' id='word_1_61' title='bbox 739 1223 771 1274; x_wconf 93' lang='lat' dir='ltr'><strong>et</strong></span> <span class='ocrx_word' id='word_1_62' title='bbox 791 1231 863 1275; x_wconf 82' lang='lat' dir='ltr'><strong>aera</strong></span> <span class='ocrx_word' id='word_1_63' title='bbox 883 1216 986 1276; x_wconf 80' lang='lat' dir='ltr'><strong>sinent.</strong></span> 
     </span>
     <span class='ocr_line' id='line_1_11' title="bbox 269 1294 1278 1377; baseline 0.01 -23"><span class='ocrx_word' id='word_1_64' title='bbox 269 1294 388 1373; x_wconf 88' lang='lat' dir='ltr'><strong>lamque</strong></span> <span class='ocrx_word' id='word_1_65' title='bbox 408 1314 498 1375; x_wconf 88' lang='lat' dir='ltr'><strong>super</strong></span> <span class='ocrx_word' id='word_1_66' title='bbox 518 1297 599 1375; x_wconf 80' lang='lat' dir='ltr'><strong>ripen</strong></span> <span class='ocrx_word' id='word_1_67' title='bbox 619 1306 744 1377; x_wconf 76' lang='lat' dir='ltr'><strong>unoque</strong></span> <span class='ocrx_word' id='word_1_68' title='bbox 764 1300 911 1359; x_wconf 79' lang='lat' dir='ltr'><strong>extantior</strong></span> <span class='ocrx_word' id='word_1_69' title='bbox 928 1298 990 1359; x_wconf 87' lang='lat' dir='ltr'><strong>ibat</strong></span> <span class='ocrx_word' id='word_1_70' title='bbox 1223 1310 1278 1367; x_wconf 75' lang='lat'><strong>455</strong></span> 
     </span>
     <span class='ocr_line' id='line_1_12' title="bbox 269 1379 1154 1463; baseline 0.008 -25"><span class='ocrx_word' id='word_1_71' title='bbox 269 1379 408 1457; x_wconf 80' lang='lat' dir='ltr'><strong>Aggere,</strong></span> <span class='ocrx_word' id='word_1_72' title='bbox 430 1382 485 1441; x_wconf 89' lang='lat' dir='ltr'><strong>iam</strong></span> <span class='ocrx_word' id='word_1_73' title='bbox 504 1381 630 1442; x_wconf 85' lang='lat' dir='ltr'><strong>medium</strong></span> <span class='ocrx_word' id='word_1_74' title='bbox 649 1382 737 1443; x_wconf 91' lang='lat' dir='ltr'><strong>modo</strong></span> <span class='ocrx_word' id='word_1_75' title='bbox 758 1384 808 1463; x_wconf 90' lang='lat' dir='ltr'><strong>qui</strong></span> <span class='ocrx_word' id='word_1_76' title='bbox 828 1392 1021 1463; x_wconf 74' lang='lat' dir='ltr'><strong>superaverat</strong></span> <span class='ocrx_word' id='word_1_77' title='bbox 1040 1400 1154 1445; x_wconf 81' lang='lat' dir='ltr'><strong>amnem</strong></span> 
     </span>
     <span class='ocr_line' id='line_1_13' title="bbox 268 1463 1110 1547; baseline 0.01 -25"><span class='ocrx_word' id='word_1_78' title='bbox 268 1463 472 1543; x_wconf 85' lang='lat' dir='ltr'><strong>Hippomedon</strong></span> <span class='ocrx_word' id='word_1_79' title='bbox 491 1466 613 1527; x_wconf 84' lang='lat' dir='ltr'><strong>intentus</strong></span> <span class='ocrx_word' id='word_1_80' title='bbox 633 1469 716 1545; x_wconf 88' lang='lat' dir='ltr'><strong>aquis</strong></span> <span class='ocrx_word' id='word_1_81' title='bbox 736 1467 933 1547; x_wconf 87' lang='lat' dir='ltr'><strong>bumerosque</strong></span> <span class='ocrx_word' id='word_1_82' title='bbox 949 1485 1110 1547; x_wconf 87' lang='lat' dir='ltr'><strong>manusque</strong></span> 
     </span>
     <span class='ocr_line' id='line_1_14' title="bbox 268 1548 986 1631; baseline 0.003 -22"><span class='ocrx_word' id='word_1_83' title='bbox 268 1548 388 1610; x_wconf 79' lang='lat' dir='ltr'><strong>Miratur</strong></span> <span class='ocrx_word' id='word_1_84' title='bbox 409 1552 540 1610; x_wconf 80' lang='lat' dir='ltr'><strong>oravisse</strong></span> <span class='ocrx_word' id='word_1_85' title='bbox 560 1551 664 1611; x_wconf 87' lang='lat' dir='ltr'><strong>vadum</strong></span> <span class='ocrx_word' id='word_1_86' title='bbox 687 1570 816 1631; x_wconf 82' lang='lat' dir='ltr'><strong>seseque</strong></span> <span class='ocrx_word' id='word_1_87' title='bbox 835 1554 986 1613; x_wconf 76' lang='lat' dir='ltr'><strong>minorem.</strong></span> 
     </span>
     <span class='ocr_line' id='line_1_15' title="bbox 268 1633 1122 1715; baseline 0.006 -23"><span class='ocrx_word' id='word_1_88' title='bbox 268 1633 343 1694; x_wconf 90' lang='lat' dir='ltr'><strong>Hinn</strong></span> <span class='ocrx_word' id='word_1_89' title='bbox 364 1644 450 1714; x_wconf 87' lang='lat' dir='ltr'><strong>atque</strong></span> <span class='ocrx_word' id='word_1_90' title='bbox 470 1634 537 1695; x_wconf 88' lang='lat' dir='ltr'><strong>hino</strong></span> <span class='ocrx_word' id='word_1_91' title='bbox 558 1636 658 1695; x_wconf 87' lang='lat' dir='ltr'><strong>tumidi</strong></span> <span class='ocrx_word' id='word_1_92' title='bbox 679 1636 800 1712; x_wconf 66' lang='lat' dir='ltr'><strong>bnans,</strong></span> <span class='ocrx_word' id='word_1_93' title='bbox 821 1638 1009 1715; x_wconf 85' lang='lat' dir='ltr'><strong>animosaque</strong></span> <span class='ocrx_word' id='word_1_94' title='bbox 1028 1638 1122 1715; x_wconf 92' lang='lat' dir='ltr'><strong>surgit</strong></span> 
     </span>
     <span class='ocr_line' id='line_1_16' title="bbox 271 1718 1277 1800; baseline 0.004 -22"><span class='ocrx_word' id='word_1_95' title='bbox 271 1718 443 1799; x_wconf 79' lang='lat' dir='ltr'><strong>Tempestas</strong></span> <span class='ocrx_word' id='word_1_96' title='bbox 461 1720 551 1779; x_wconf 89' lang='lat' dir='ltr'><strong>instar</strong></span> <span class='ocrx_word' id='word_1_97' title='bbox 571 1719 687 1799; x_wconf 79' lang='lat' dir='ltr'><strong>pelagi,</strong></span> <span class='ocrx_word' id='word_1_98' title='bbox 711 1739 798 1800; x_wconf 83' lang='lat' dir='ltr'><strong>qnam</strong></span> <span class='ocrx_word' id='word_1_99' title='bbox 816 1720 950 1783; x_wconf 80' lang='lat' dir='ltr'><strong>Pleiadas</strong></span> <span class='ocrx_word' id='word_1_100' title='bbox 970 1720 1067 1783; x_wconf 76' lang='lat' dir='ltr'><strong>bennit</strong></span> <span class='ocrx_word' id='word_1_101' title='bbox 1221 1732 1277 1791; x_wconf 75' lang='lat'><strong>460</strong></span> 
     </span>
     <span class='ocr_line' id='line_1_17' title="bbox 269 1803 988 1884; baseline 0.003 -21"><span class='ocrx_word' id='word_1_102' title='bbox 269 1803 328 1863; x_wconf 81' lang='lat' dir='ltr'><strong>Ant</strong></span> <span class='ocrx_word' id='word_1_103' title='bbox 345 1806 457 1882; x_wconf 89' lang='lat' dir='ltr'><strong>nigrum</strong></span> <span class='ocrx_word' id='word_1_104' title='bbox 476 1804 598 1884; x_wconf 84' lang='lat' dir='ltr'><strong>trepidis</strong></span> <span class='ocrx_word' id='word_1_105' title='bbox 615 1805 739 1884; x_wconf 73' lang='lat' dir='ltr'><strong>inpingit</strong></span> <span class='ocrx_word' id='word_1_106' title='bbox 756 1804 865 1866; x_wconf 81' lang='lat' dir='ltr'><strong>Orion</strong></span> <span class='ocrx_word' id='word_1_107' title='bbox 884 1806 988 1865; x_wconf 85' lang='lat' dir='ltr'><strong>nautis.</strong></span> 
     </span>
    </p>

    <p class='ocr_par' dir='ltr' id='par_1_3' title="bbox 257 1888 1273 3324">
     <span class='ocr_line' id='line_1_18' title="bbox 334 1888 1104 1969; baseline 0.001 -21"><span class='ocrx_word' id='word_1_108' title='bbox 334 1888 399 1949; x_wconf 89' lang='lat' dir='ltr'><strong>Non</strong></span> <span class='ocrx_word' id='word_1_109' title='bbox 418 1907 505 1949; x_wconf 87' lang='lat' dir='ltr'><strong>senus</strong></span> <span class='ocrx_word' id='word_1_110' title='bbox 527 1906 676 1969; x_wconf 87' lang='lat' dir='ltr'><strong>aequoreo</strong></span> <span class='ocrx_word' id='word_1_111' title='bbox 694 1892 784 1951; x_wconf 86' lang='lat' dir='ltr'><strong>iaetat</strong></span> <span class='ocrx_word' id='word_1_112' title='bbox 804 1889 995 1951; x_wconf 85' lang='lat' dir='ltr'><strong>Tbeumesins</strong></span> <span class='ocrx_word' id='word_1_113' title='bbox 1013 1890 1104 1951; x_wconf 87' lang='lat' dir='ltr'><strong>amnis</strong></span> 
     </span>
     <span class='ocr_line' id='line_1_19' title="bbox 268 1973 1096 2054; baseline -0.001 -21"><span class='ocrx_word' id='word_1_114' title='bbox 268 1973 501 2053; x_wconf 83' lang='lat' dir='ltr'><strong>Hippomedonta</strong></span> <span class='ocrx_word' id='word_1_115' title='bbox 523 1974 602 2051; x_wconf 89' lang='lat' dir='ltr'><strong>salo,</strong></span> <span class='ocrx_word' id='word_1_116' title='bbox 625 1992 802 2054; x_wconf 80' lang='lat' dir='ltr'><strong>semperque</strong></span> <span class='ocrx_word' id='word_1_117' title='bbox 820 1974 945 2035; x_wconf 88' lang='lat' dir='ltr'><strong>umbone</strong></span> <span class='ocrx_word' id='word_1_118' title='bbox 967 1976 1096 2035; x_wconf 64' lang='lat' dir='ltr'><strong>sinistros</strong></span> 
     </span>
     <span class='ocr_line' id='line_1_20' title="bbox 269 2058 1057 2139; baseline 0 -20"><span class='ocrx_word' id='word_1_119' title='bbox 269 2058 409 2135; x_wconf 81' lang='lat' dir='ltr'><strong>Tollitur,</strong></span> <span class='ocrx_word' id='word_1_120' title='bbox 433 2068 463 2119; x_wconf 90' lang='lat' dir='ltr'><strong>et</strong></span> <span class='ocrx_word' id='word_1_121' title='bbox 484 2060 610 2139; x_wconf 85' lang='lat' dir='ltr'><strong>elipeum</strong></span> <span class='ocrx_word' id='word_1_122' title='bbox 630 2062 762 2138; x_wconf 80' lang='lat' dir='ltr'><strong>nigrante</strong></span> <span class='ocrx_word' id='word_1_123' title='bbox 782 2061 954 2138; x_wconf 78' lang='lat' dir='ltr'><strong>supervenit</strong></span> <span class='ocrx_word' id='word_1_124' title='bbox 972 2068 1057 2119; x_wconf 88' lang='lat' dir='ltr'><strong>aestu</strong></span> 
     </span>
     <span class='ocr_line' id='line_1_21' title="bbox 269 2143 1273 2224; baseline 0.007 -20"><span class='ocrx_word' id='word_1_125' title='bbox 269 2145 413 2224; x_wconf 87' lang='lat' dir='ltr'><strong>Spumeus</strong></span> <span class='ocrx_word' id='word_1_126' title='bbox 434 2144 594 2222; x_wconf 86' lang='lat' dir='ltr'><strong>assultans,</strong></span> <span class='ocrx_word' id='word_1_127' title='bbox 615 2144 768 2224; x_wconf 81' lang='lat' dir='ltr'><strong>iraotaque</strong></span> <span class='ocrx_word' id='word_1_128' title='bbox 788 2144 950 2206; x_wconf 77' lang='lat' dir='ltr'><strong>refunditur</strong></span> <span class='ocrx_word' id='word_1_129' title='bbox 967 2143 1042 2206; x_wconf 82' lang='lat' dir='ltr'><strong>unda</strong></span> <span class='ocrx_word' id='word_1_130' title='bbox 1220 2156 1273 2212; x_wconf 72' lang='lat'><strong>465</strong></span> 
     </span>
     <span class='ocr_line' id='line_1_22' title="bbox 269 2229 1006 2308; baseline 0.001 -19"><span class='ocrx_word' id='word_1_131' title='bbox 269 2229 306 2290; x_wconf 83' lang='lat' dir='ltr'><strong>Et</strong></span> <span class='ocrx_word' id='word_1_132' title='bbox 327 2229 441 2290; x_wconf 84' lang='lat' dir='ltr'><strong>cumulo</strong></span> <span class='ocrx_word' id='word_1_133' title='bbox 461 2231 571 2290; x_wconf 89' lang='lat' dir='ltr'><strong>maiore</strong></span> <span class='ocrx_word' id='word_1_134' title='bbox 593 2231 683 2299; x_wconf 89' lang='lat' dir='ltr'><strong>redit;</strong></span> <span class='ocrx_word' id='word_1_135' title='bbox 707 2249 764 2290; x_wconf 90' lang='lat' dir='ltr'><strong>nee</strong></span> <span class='ocrx_word' id='word_1_136' title='bbox 784 2230 863 2290; x_wconf 88' lang='lat' dir='ltr'><strong>mole</strong></span> <span class='ocrx_word' id='word_1_137' title='bbox 885 2230 1006 2308; x_wconf 84' lang='lat' dir='ltr'><strong>liquenti</strong></span> 
     </span>
     <span class='ocr_line' id='line_1_23' title="bbox 270 2313 955 2394; baseline 0.001 -20"><span class='ocrx_word' id='word_1_138' title='bbox 270 2313 447 2391; x_wconf 79' lang='lat' dir='ltr'><strong>Contentus,</strong></span> <span class='ocrx_word' id='word_1_139' title='bbox 473 2317 567 2394; x_wconf 86' lang='lat' dir='ltr'><strong>oarpit</strong></span> <span class='ocrx_word' id='word_1_140' title='bbox 586 2323 687 2394; x_wconf 88' lang='lat' dir='ltr'><strong>putres</strong></span> <span class='ocrx_word' id='word_1_141' title='bbox 709 2317 854 2376; x_wconf 82' lang='lat' dir='ltr'><strong>servantia</strong></span> <span class='ocrx_word' id='word_1_142' title='bbox 874 2315 955 2393; x_wconf 86' lang='lat' dir='ltr'><strong>ripas</strong></span> 
     </span>
     <span class='ocr_line' id='line_1_24' title="bbox 269 2398 1025 2478; baseline -0.001 -20"><span class='ocrx_word' id='word_1_143' title='bbox 269 2399 413 2475; x_wconf 79' lang='lat' dir='ltr'><strong>Arbusta,</strong></span> <span class='ocrx_word' id='word_1_144' title='bbox 436 2415 619 2477; x_wconf 85' lang='lat' dir='ltr'><strong>annosasque</strong></span> <span class='ocrx_word' id='word_1_145' title='bbox 641 2399 741 2460; x_wconf 89' lang='lat' dir='ltr'><strong>trabes</strong></span> <span class='ocrx_word' id='word_1_146' title='bbox 761 2401 917 2478; x_wconf 83' lang='lat' dir='ltr'><strong>eteeuque</strong></span> <span class='ocrx_word' id='word_1_147' title='bbox 935 2398 1025 2459; x_wconf 80' lang='lat' dir='ltr'><strong>fundo</strong></span> 
     </span>
     <span class='ocr_line' id='line_1_25' title="bbox 271 2483 1061 2564; baseline -0.001 -21"><span class='ocrx_word' id='word_1_148' title='bbox 271 2485 348 2544; x_wconf 84' lang='lat' dir='ltr'><strong>Saxa</strong></span> <span class='ocrx_word' id='word_1_149' title='bbox 365 2493 455 2554; x_wconf 91' lang='lat' dir='ltr'><strong>rotat;</strong></span> <span class='ocrx_word' id='word_1_150' title='bbox 484 2491 542 2542; x_wconf 90' lang='lat' dir='ltr'><strong>stat</strong></span> <span class='ocrx_word' id='word_1_151' title='bbox 560 2501 656 2562; x_wconf 91' lang='lat' dir='ltr'><strong>pugna</strong></span> <span class='ocrx_word' id='word_1_152' title='bbox 674 2485 759 2564; x_wconf 90' lang='lat' dir='ltr'><strong>inpar</strong></span> <span class='ocrx_word' id='word_1_153' title='bbox 778 2486 928 2563; x_wconf 82' lang='lat' dir='ltr'><strong>amnisque</strong></span> <span class='ocrx_word' id='word_1_154' title='bbox 947 2483 1061 2560; x_wconf 84' lang='lat' dir='ltr'><strong>virique</strong></span> 
     </span>
     <span class='ocr_line' id='line_1_26' title="bbox 268 2566 1273 2646; baseline 0.001 -18"><span class='ocrx_word' id='word_1_155' title='bbox 268 2567 438 2644; x_wconf 83' lang='lat' dir='ltr'><strong>indignante</strong></span> <span class='ocrx_word' id='word_1_156' title='bbox 456 2568 527 2636; x_wconf 89' lang='lat' dir='ltr'><strong>deo;</strong></span> <span class='ocrx_word' id='word_1_157' title='bbox 549 2587 605 2628; x_wconf 90' lang='lat' dir='ltr'><strong>neo</strong></span> <span class='ocrx_word' id='word_1_158' title='bbox 625 2569 700 2629; x_wconf 88' lang='lat' dir='ltr'><strong>enim</strong></span> <span class='ocrx_word' id='word_1_159' title='bbox 718 2569 767 2629; x_wconf 93' lang='lat' dir='ltr'><strong>dat</strong></span> <span class='ocrx_word' id='word_1_160' title='bbox 784 2578 885 2646; x_wconf 86' lang='lat' dir='ltr'><strong>terga,</strong></span> <span class='ocrx_word' id='word_1_161' title='bbox 908 2585 965 2628; x_wconf 86' lang='lat' dir='ltr'><strong>nee</strong></span> <span class='ocrx_word' id='word_1_162' title='bbox 980 2566 1049 2628; x_wconf 88' lang='lat' dir='ltr'><strong>ullis</strong></span> <span class='ocrx_word' id='word_1_163' title='bbox 1220 2575 1273 2630; x_wconf 74' lang='lat' dir='ltr'><strong>sto</strong></span> 
     </span>
     <span class='ocr_line' id='line_1_27' title="bbox 268 2651 1079 2732; baseline -0.001 -20"><span class='ocrx_word' id='word_1_164' title='bbox 268 2651 422 2730; x_wconf 87' lang='lat' dir='ltr'><strong>Frangitur</strong></span> <span class='ocrx_word' id='word_1_165' title='bbox 442 2653 493 2714; x_wconf 90' lang='lat' dir='ltr'><strong>ille</strong></span> <span class='ocrx_word' id='word_1_166' title='bbox 513 2654 613 2729; x_wconf 85' lang='lat' dir='ltr'><strong>minis,</strong></span> <span class='ocrx_word' id='word_1_167' title='bbox 634 2655 846 2732; x_wconf 79' lang='lat' dir='ltr'><strong>venientesque</strong></span> <span class='ocrx_word' id='word_1_168' title='bbox 865 2652 968 2714; x_wconf 84' lang='lat' dir='ltr'><strong>obvius</strong></span> <span class='ocrx_word' id='word_1_169' title='bbox 987 2651 1079 2712; x_wconf 85' lang='lat' dir='ltr'><strong>undas</strong></span> 
     </span>
     <span class='ocr_line' id='line_1_28' title="bbox 257 2737 969 2818; baseline -0.001 -20"><span class='ocrx_word' id='word_1_170' title='bbox 257 2737 357 2798; x_wconf 68' lang='lat' dir='ltr'><strong>intrat</strong></span> <span class='ocrx_word' id='word_1_171' title='bbox 379 2747 409 2798; x_wconf 88' lang='lat' dir='ltr'><strong>et</strong></span> <span class='ocrx_word' id='word_1_172' title='bbox 429 2738 546 2799; x_wconf 85' lang='lat' dir='ltr'><strong>obieeta</strong></span> <span class='ocrx_word' id='word_1_173' title='bbox 568 2738 698 2818; x_wconf 85' lang='lat' dir='ltr'><strong>dispellit</strong></span> <span class='ocrx_word' id='word_1_174' title='bbox 718 2739 833 2799; x_wconf 84' lang='lat' dir='ltr'><strong>tlnmina</strong></span> <span class='ocrx_word' id='word_1_175' title='bbox 854 2755 969 2816; x_wconf 86' lang='lat' dir='ltr'><strong>parma..</strong></span> 
     </span>
     <span class='ocr_line' id='line_1_29' title="bbox 270 2821 1054 2902; baseline -0.004 -19"><span class='ocrx_word' id='word_1_176' title='bbox 270 2824 351 2884; x_wconf 89' lang='lat' dir='ltr'><strong>Stant</strong></span> <span class='ocrx_word' id='word_1_177' title='bbox 373 2832 451 2883; x_wconf 88' lang='lat' dir='ltr'><strong>terra</strong></span> <span class='ocrx_word' id='word_1_178' title='bbox 472 2823 601 2900; x_wconf 72' lang='lat' dir='ltr'><strong>fugiente</strong></span> <span class='ocrx_word' id='word_1_179' title='bbox 621 2823 747 2901; x_wconf 77' lang='lat' dir='ltr'><strong>gradm,</strong></span> <span class='ocrx_word' id='word_1_180' title='bbox 772 2832 803 2883; x_wconf 92' lang='lat' dir='ltr'><strong>et</strong></span> <span class='ocrx_word' id='word_1_181' title='bbox 822 2821 936 2902; x_wconf 87' lang='lat' dir='ltr'><strong>poplite</strong></span> <span class='ocrx_word' id='word_1_182' title='bbox 954 2829 1054 2884; x_wconf 85' lang='lat' dir='ltr'><strong>tenso·</strong></span> 
     </span>
     <span class='ocr_line' id='line_1_30' title="bbox 268 2905 1160 2988; baseline 0 -21"><span class='ocrx_word' id='word_1_183' title='bbox 268 2907 390 2968; x_wconf 84' lang='lat' dir='ltr'><strong>Lubrica</strong></span> <span class='ocrx_word' id='word_1_184' title='bbox 409 2925 479 2968; x_wconf 85' lang='lat' dir='ltr'><strong>saxa</strong></span> <span class='ocrx_word' id='word_1_185' title='bbox 499 2917 613 2984; x_wconf 88' lang='lat' dir='ltr'><strong>tenent,</strong></span> <span class='ocrx_word' id='word_1_186' title='bbox 636 2907 819 2988; x_wconf 84' lang='lat' dir='ltr'><strong>genibusque</strong></span> <span class='ocrx_word' id='word_1_187' title='bbox 839 2906 965 2968; x_wconf 81' lang='lat' dir='ltr'><strong>obnixus</strong></span> <span class='ocrx_word' id='word_1_188' title='bbox 983 2914 1014 2967; x_wconf 87' lang='lat' dir='ltr'><strong>et</strong></span> <span class='ocrx_word' id='word_1_189' title='bbox 1033 2905 1160 2967; x_wconf 78' lang='lat' dir='ltr'><strong>naerens</strong></span> 
     </span>
     <span class='ocr_line' id='line_1_31' title="bbox 270 2990 876 3071; baseline 0.003 -20"><span class='ocrx_word' id='word_1_190' title='bbox 270 2990 394 3052; x_wconf 86' lang='lat' dir='ltr'><strong>Subruta</strong></span> <span class='ocrx_word' id='word_1_191' title='bbox 412 2991 510 3051; x_wconf 80' lang='lat' dir='ltr'><strong>fallaci</strong></span> <span class='ocrx_word' id='word_1_192' title='bbox 532 3001 630 3053; x_wconf 88' lang='lat' dir='ltr'><strong>serrat</strong></span> <span class='ocrx_word' id='word_1_193' title='bbox 650 2994 776 3071; x_wconf 86' lang='lat' dir='ltr'><strong>vestigia</strong></span> <span class='ocrx_word' id='word_1_194' title='bbox 797 2993 876 3068; x_wconf 68' lang='lat' dir='ltr'><strong>luno,</strong></span> 
     </span>
     <span class='ocr_line' id='line_1_32' title="bbox 271 3075 1187 3155; baseline 0.004 -21"><span class='ocrx_word' id='word_1_195' title='bbox 271 3077 321 3134; x_wconf 85' lang='lat' dir='ltr'><strong>Sin</strong></span> <span class='ocrx_word' id='word_1_196' title='bbox 344 3077 430 3135; x_wconf 88' lang='lat' dir='ltr'><strong>etiam</strong></span> <span class='ocrx_word' id='word_1_197' title='bbox 451 3077 643 3155; x_wconf 76' lang='lat' dir='ltr'><strong>increpitans:</strong></span> <span class='ocrx_word' id='word_1_198' title='bbox 669 3077 772 3138; x_wconf 73' lang='lat' dir='ltr'><strong>‘Unde</strong></span> <span class='ocrx_word' id='word_1_199' title='bbox 791 3077 883 3152; x_wconf 80' lang='lat' dir='ltr'><strong>baeu,</strong></span> <span class='ocrx_word' id='word_1_200' title='bbox 906 3075 1037 3152; x_wconf 74' lang='lat' dir='ltr'><strong>lmese,</strong></span> <span class='ocrx_word' id='word_1_201' title='bbox 1059 3082 1187 3153; x_wconf 83' lang='lat' dir='ltr'><strong>repente</strong></span> 
     </span>
     <span class='ocr_line' id='line_1_33' title="bbox 268 3157 970 3239; baseline 0.003 -21"><span class='ocrx_word' id='word_1_202' title='bbox 268 3158 315 3219; x_wconf 89' lang='lat' dir='ltr'><strong>lra</strong></span> <span class='ocrx_word' id='word_1_203' title='bbox 336 3157 411 3219; x_wconf 82' lang='lat' dir='ltr'><strong>tibi?</strong></span> <span class='ocrx_word' id='word_1_204' title='bbox 435 3178 530 3239; x_wconf 86' lang='lat' dir='ltr'><strong>quove</strong></span> <span class='ocrx_word' id='word_1_205' title='bbox 552 3161 604 3222; x_wconf 85' lang='lat' dir='ltr'><strong>bas</strong></span> <span class='ocrx_word' id='word_1_206' title='bbox 625 3163 737 3222; x_wconf 82' lang='lat' dir='ltr'><strong>traxisti</strong></span> <span class='ocrx_word' id='word_1_207' title='bbox 755 3162 871 3239; x_wconf 86' lang='lat' dir='ltr'><strong>gurgite</strong></span> <span class='ocrx_word' id='word_1_208' title='bbox 890 3162 970 3222; x_wconf 86' lang='lat' dir='ltr'><strong>vires</strong></span> 
     </span>
     <span class='ocr_line' id='line_1_34' title="bbox 268 3241 984 3324; baseline 0.007 -23"><span class='ocrx_word' id='word_1_209' title='bbox 268 3241 373 3303; x_wconf 88' lang='lat' dir='ltr'><strong>lnbelli</strong></span> <span class='ocrx_word' id='word_1_210' title='bbox 391 3244 546 3306; x_wconf 82' lang='lat' dir='ltr'><strong>famulante</strong></span> <span class='ocrx_word' id='word_1_211' title='bbox 568 3242 645 3308; x_wconf 80' lang='lat' dir='ltr'><strong>deo?</strong></span> <span class='ocrx_word' id='word_1_212' title='bbox 673 3246 827 3324; x_wconf 87' lang='lat' dir='ltr'><strong>solumque</strong></span> <span class='ocrx_word' id='word_1_213' title='bbox 848 3262 984 3306; x_wconf 86' lang='lat' dir='ltr'><strong>eruorem</strong></span> 
     </span>
    </p>
   </div>
   <div class='ocr_carea' id='block_1_3' title="bbox 270 3325 1275 3490">
    <p class='ocr_par' dir='ltr' id='par_1_4' title="bbox 270 3325 1275 3490">
     <span class='ocr_line' id='line_1_35' title="bbox 270 3325 1086 3410; baseline 0.001 -24"><span class='ocrx_word' id='word_1_214' title='bbox 270 3325 414 3389; x_wconf 82' lang='lat' dir='ltr'><strong>Femineis</strong></span> <span class='ocrx_word' id='word_1_215' title='bbox 436 3340 559 3410; x_wconf 85' lang='lat' dir='ltr'><strong>experte</strong></span> <span class='ocrx_word' id='word_1_216' title='bbox 579 3331 693 3407; x_wconf 85' lang='lat' dir='ltr'><strong>eboris,</strong></span> <span class='ocrx_word' id='word_1_217' title='bbox 724 3349 810 3410; x_wconf 61' lang='lat' dir='ltr'><strong>mum</strong></span> <span class='ocrx_word' id='word_1_218' title='bbox 832 3329 977 3390; x_wconf 85' lang='lat' dir='ltr'><strong>Baoelrioa</strong></span> <span class='ocrx_word' id='word_1_219' title='bbox 996 3329 1086 3405; x_wconf 84' lang='lat' dir='ltr'><strong>mugit</strong></span> 
     </span>
     <span class='ocr_line' id='line_1_36' title="bbox 270 3410 1275 3490; baseline 0.001 -19"><span class='ocrx_word' id='word_1_220' title='bbox 270 3410 385 3490; x_wconf 87' lang='lat' dir='ltr'><strong>Buxus,</strong></span> <span class='ocrx_word' id='word_1_221' title='bbox 412 3423 441 3475; x_wconf 87' lang='lat' dir='ltr'><strong>et</strong></span> <span class='ocrx_word' id='word_1_222' title='bbox 459 3415 577 3476; x_wconf 88' lang='lat' dir='ltr'><strong>insanae</strong></span> <span class='ocrx_word' id='word_1_223' title='bbox 596 3415 741 3476; x_wconf 79' lang='lat' dir='ltr'><strong>maculant</strong></span> <span class='ocrx_word' id='word_1_224' title='bbox 758 3416 907 3475; x_wconf 86' lang='lat' dir='ltr'><strong>trieterioa</strong></span> <span class='ocrx_word' id='word_1_225' title='bbox 928 3411 1076 3476; x_wconf 76' lang='lat' dir='ltr'><strong>matresi&#39;</strong></span> <span class='ocrx_word' id='word_1_226' title='bbox 1223 3424 1275 3480; x_wconf 77' lang='lat'><strong>480</strong></span> 
     </span>
    </p>
   </div>
   <div class='ocr_carea' id='block_1_4' title="bbox 264 3496 1139 3748">
    <p class='ocr_par' dir='ltr' id='par_1_5' title="bbox 264 3496 1139 3748">
     <span class='ocr_line' id='line_1_37' title="bbox 332 3496 1042 3579; baseline 0.001 -22"><span class='ocrx_word' id='word_1_227' title='bbox 332 3496 468 3568; x_wconf 83' lang='lat' dir='ltr'><strong>Dixerat;</strong></span> <span class='ocrx_word' id='word_1_228' title='bbox 490 3509 577 3579; x_wconf 89' lang='lat' dir='ltr'><strong>atque</strong></span> <span class='ocrx_word' id='word_1_229' title='bbox 598 3500 641 3560; x_wconf 91' lang='lat' dir='ltr'><strong>illi</strong></span> <span class='ocrx_word' id='word_1_230' title='bbox 662 3518 731 3560; x_wconf 88' lang='lat' dir='ltr'><strong>sese</strong></span> <span class='ocrx_word' id='word_1_231' title='bbox 749 3500 823 3560; x_wconf 90' lang='lat' dir='ltr'><strong>deus</strong></span> <span class='ocrx_word' id='word_1_232' title='bbox 842 3497 947 3560; x_wconf 86' lang='lat' dir='ltr'><strong>obtulit</strong></span> <span class='ocrx_word' id='word_1_233' title='bbox 963 3498 1042 3559; x_wconf 90' lang='lat' dir='ltr'><strong>ultro</strong></span> 
     </span>
     <span class='ocr_line' id='line_1_38' title="bbox 271 3580 1069 3661; baseline 0.008 -21"><span class='ocrx_word' id='word_1_234' title='bbox 271 3580 412 3643; x_wconf 86' lang='lat' dir='ltr'><strong>Turbidus</strong></span> <span class='ocrx_word' id='word_1_235' title='bbox 431 3584 522 3644; x_wconf 90' lang='lat' dir='ltr'><strong>imbre</strong></span> <span class='ocrx_word' id='word_1_236' title='bbox 543 3603 635 3661; x_wconf 83' lang='lat' dir='ltr'><strong>genas</strong></span> <span class='ocrx_word' id='word_1_237' title='bbox 657 3593 687 3644; x_wconf 88' lang='lat' dir='ltr'><strong>et</strong></span> <span class='ocrx_word' id='word_1_238' title='bbox 707 3583 785 3644; x_wconf 86' lang='lat' dir='ltr'><strong>nube</strong></span> <span class='ocrx_word' id='word_1_239' title='bbox 805 3585 929 3644; x_wconf 73' lang='lat' dir='ltr'><strong>nanum</strong></span> <span class='ocrx_word' id='word_1_240' title='bbox 950 3600 1069 3659; x_wconf 77' lang='lat' dir='ltr'><strong>menae,</strong></span> 
     </span>
     <span class='ocr_line' id='line_1_39' title="bbox 264 3664 1139 3748; baseline 0.008 -23"><span class='ocrx_word' id='word_1_241' title='bbox 264 3664 333 3726; x_wconf 63' lang='lat' dir='ltr'><strong>vllee</strong></span> <span class='ocrx_word' id='word_1_242' title='bbox 353 3667 446 3730; x_wconf 84' lang='lat' dir='ltr'><strong>saevit</strong></span> <span class='ocrx_word' id='word_1_243' title='bbox 467 3669 568 3746; x_wconf 86' lang='lat' dir='ltr'><strong>dietis,</strong></span> <span class='ocrx_word' id='word_1_244' title='bbox 590 3678 690 3730; x_wconf 83' lang='lat' dir='ltr'><strong>tronea</strong></span> <span class='ocrx_word' id='word_1_245' title='bbox 711 3667 766 3730; x_wconf 91' lang='lat' dir='ltr'><strong>sed</strong></span> <span class='ocrx_word' id='word_1_246' title='bbox 786 3677 908 3747; x_wconf 82' lang='lat' dir='ltr'><strong>pettora</strong></span> <span class='ocrx_word' id='word_1_247' title='bbox 930 3686 1042 3748; x_wconf 88' lang='lat' dir='ltr'><strong>quereu</strong></span> <span class='ocrx_word' id='word_1_248' title='bbox 1136 3724 1139 3732; x_wconf 92' lang='lat'>.</span> 
     </span>
    </p>
   </div>
   <div class='ocr_carea' id='block_1_5' title="bbox 0 0 1426 4300">
    <p class='ocr_par' dir='ltr' id='par_1_6' title="bbox 0 0 1426 4300">
     <span class='ocr_line' id='line_1_40' title="bbox 0 0 1426 4300; baseline 0 0"><span class='ocrx_word' id='word_1_249' title='bbox 0 0 1426 4300; x_wconf 95' lang='lat' dir='ltr'><strong> </strong></span> 
     </span>
    </p>
   </div>
  </div>
 </body>
</html>
