2842 4300
279 407 316 452 IV
661 407 869 455 PRAEFATIO.

278 565 417 636 Lipsiensi
429 569 544 621 membr.
556 583 632 621 saec.
643 566 733 636 xvi,
756 567 804 636 qui
817 569 944 622 servatur
963 567 989 620 in
1001 565 1170 623 bibliotheca
1182 583 1263 622 sena-

279 653 360 720 toria,
375 656 522 726 utrumpue
538 652 693 706 contulerat
709 651 840 706 Lenzius.

361 734 526 805 Nuperrime
539 753 642 791 novam
661 735 768 791 codicis
781 735 937 792 Casscllani
954 737 1130 790 collationem
1148 737 1262 807 protulit

280 820 310 877 C.
321 821 351 875 F.
362 820 480 885 Weber,
492 821 637 890 professor
649 821 858 892 Marburgensis
871 821 1043 875 clarissimus
1054 822 1163 892 (progr.
1179 821 1259 876 acad.

279 905 511 976 Marburg.1853‚
527 922 557 975 p.
571 907 628 972 55),
646 905 692 976 qui
712 921 741 976 p.
758 904 822 964 tide
836 905 890 960 hoc
902 906 971 961 libro
988 903 1069 959 affert
1083 905 1170 960 haec:
1190 921 1262 973 „co-

280 989 335 1043 dex
346 989 558 1060 diligentissime
575 996 602 1043 et
618 987 786 1052 nitidissime
803 986 890 1045 literis
906 991 1029 1045 romanis
1041 1007 1058 1044 a
1072 991 1261 1061 compluribus

278 1074 398 1129 librariis
413 1073 451 1128 ita
468 1075 587 1145 scriptus
607 1081 666 1142 est,
683 1080 714 1128 ut
731 1075 760 1128 in
778 1075 877 1145 quavis
894 1075 1000 1146 pagiua
1018 1075 1098 1129 lincis
1116 1073 1262 1130 distributa

279 1159 376 1214 triceni
395 1174 495 1214 versus
511 1160 654 1230 legantur3
678 1161 774 1214 literae
792 1159 911 1214 initiales
927 1160 1061 1230 cuiusque
1079 1175 1179 1214 versus
1192 1160 1262 1214 invi·

280 1260 341 1297 cem
353 1249 416 1296 sunt
428 1243 473 1298 vel
484 1245 584 1298 rubrae
596 1244 642 1299 vel
654 1249 745 1311 atrae,
759 1244 867 1315 primae
883 1245 1018 1314 cuiusque
1036 1245 1097 1300 libri
1116 1245 1163 1298 vel
1178 1261 1261 1316 argu-

278 1329 364 1383 menti
384 1327 479 1382 literae
496 1328 610 1398 picturis
627 1329 674 1384 vel
692 1328 863 1384 ornamentis
881 1327 1036 1384 distinctae.
1080 1327 1179 1383 Omnia
1198 1335 1262 1384 sunt

278 1427 457 1484 magnacum
467 1427 535 1467 cura
546 1419 674 1479 exarata,
696 1414 734 1467 ita
745 1419 775 1468 ut
787 1413 938 1469 correctrix
953 1427 1053 1468 manus
1066 1412 1141 1480 eius,
1157 1413 1204 1483 qui
1216 1429 1262 1467 co·

280 1497 371 1551 dicent
383 1498 587 1568 transscripsit,
609 1513 673 1551 raro
688 1503 839 1568 appareat,
857 1498 972 1570 saepius
984 1498 1096 1554 alterius
1111 1503 1138 1551 ct
1148 1496 1193 1552 hic
1206 1499 1261 1553 illic

280 1581 367 1648 tertii,
390 1584 436 1652 qui
451 1595 562 1638 errores
579 1595 648 1637 sane
663 1583 831 1638 commissos
852 1583 1082 1638 emendaverunt.
1112 1581 1198 1638 Totus
1217 1601 1262 1638 co·
1348 1645 1349 1662 χ

280 1665 335 1719 dex
347 1666 429 1737 signa
441 1672 468 1721 et
482 1672 562 1722 notas
572 1667 658 1722 habet
673 1667 785 1734 aetath,
802 1682 884 1738 quarn
897 1667 1062 1740 subscriptio
1076 1669 1261 1739 praesefert,
1348 1663 1349 1676 .

280 1751 385 1805 saeculi
395 1750 567 1805 undecimi.“
600 1752 678 1808 Gont.
694 1752 778 1806 etiarn
789 1767 861 1822 quae
874 1747 956 1807 docte
973 1769 1006 1807 ao
1018 1753 1165 1825 diligenter
1177 1769 1262 1824 expo-

279 1835 333 1889 suit
344 1832 427 1890 Web.
440 1849 507 1908 pag.
522 1840 642 1895 18—20.
672 1835 816 1892 Consentit
829 1836 908 1893 Cass.
924 1839 1090 1909 plerumque
1106 1853 1170 1892 oum
1185 1838 1260 1910 Lips.

363 1919 488 1992 Denique
500 1927 630 1976 accurato
644 1922 746 1994 collegi
764 1927 791 1976 et
804 1921 958 1979 diiudicari
973 1923 1106 1978 lectiones
1118 1924 1262 1991 librorum,

280 2005 379 2075 quibus
394 2005 570 2072 Bernartius,
584 2006 822 2078 lindenbrogius,
846 2006 976 2062 Barthius
991 2007 1100 2077 (Barth.
1122 2005 1262 2078 significat

280 2089 413 2161 optimum
426 2091 503 2145 illum
511 2089 650 2162 codicem
663 2105 746 2163 quem
758 2090 888 2146 Barthius
905 2091 1070 2164 saepissime
1088 2091 1206 2161 laudat)
1217 2093 1263 2147 usi

279 2182 357 2244 sunt,
374 2180 401 2230 et
418 2176 646 2244 emendationes,
667 2188 742 2248 quas
755 2176 903 2245 Heinsius,
919 2178 1069 2243 Gruterus,
1093 2178 1262 2246 Gronovius,
1347 2222 1348 2255 3

278 2261 464 2316 Marklandus
482 2260 584 2333 aliique
602 2264 783 2332 protulerunt
1347 2270 1348 2277 ’

310 2356 315 2366 ’
363 2345 393 2398 ln
415 2346 555 2401 scribendi
582 2347 688 2400 ratione
713 2346 889 2401 consentiunt
911 2346 1075 2416 pleniorque
1096 2346 1155 2401 Pul.
1180 2346 1262 2407 Cass.

279 2430 354 2499 Lips.
374 2430 457 2484 Uncis
477 2432 488 2498 [
530 2430 669 2497 Jinclusi,
687 2446 759 2501 quac
774 2436 918 2502 suspecta.
924 2428 1103 2501 viderentur,
1124 2432 1207 2502 signo
1219 2460 1262 2471 --
1347 2440 1348 2453 ¹

279 2541 321 2551 -
332 2519 425 2569 notata
436 2521 479 2568 est
490 2515 676 2585 parenthesis.

1019 2597 1059 2643 G·
1077 2594 1198 2647 (Rueck.

668 2744 872 2752 ———-—-—-

711 2908 785 2959 LIB·
812 2909 836 2962 1.
888 2930 889 2933 ¹

364 3025 405 3081 Cl.
422 3026 481 3080 lani
503 3024 611 3080 Gruteri
630 3026 806 3096 suspiciones
827 3026 855 3079 in
871 3024 952 3082 Statii
971 3023 1058 3099 Theb.
1080 3024 1141 3079 libr.
1158 3026 1180 3079 Ι.
1199 3042 1263 3081 cum

280 3108 569 3166 animadversionibus
583 3108 614 3163 F.
629 3110 747 3179 blandii,
765 3110 848 3165 lenae
863 3113 941 3169 1851.

340 3263 343 3269 Ι
364 3195 400 3249 V.
414 3201 458 3253 12.
484 3207 569 3249 arctes
588 3195 724 3250 revocavi
740 3212 775 3249 ex
788 3196 850 3250 Put.
869 3194 946 3250 Colb.
964 3193 1027 3261 Gor,
1047 3192 1126 3249 Cass.
1144 3210 1187 3265 pr.
1209 3210 1263 3261 m.;
1345 3248 1346 3251 ,

279 3280 358 3333 Vrat.
375 3296 482 3334 orcum.
514 3283 557 3336 32.
574 3279 635 3334 Put.
647 3276 725 3334 Golb.
738 3279 843 3349 Pierio,
858 3279 911 3335 sed
926 3278 954 3332 in
965 3280 1025 3333 rut.
1043 3279 1262 3351 superscriptum

279 3371 322 3417 est
338 3364 393 3418 alia
409 3380 494 3419 mano
514 3363 665 3436 1011019010,
687 3364 763 3435 quod
783 3364 868 3419 ceteri
887 3365 946 3417 tere
962 3377 1059 3418 omncs
1074 3363 1186 3419 habent.
1218 3366 1261 3421 71.

279 3448 433 3503 cedentibus
452 3463 516 3504 curn
533 3447 647 3503 Barthio
666 3449 781 3519 scripsi,
799 3449 817 3502 1.
833 3464 859 3503 e.
879 3448 1081 3510 recedentibtoe3
1103 3448 1139 3503 ol.
1159 3447 1262 3505 Senec.
1342 3434 1345 3483 l

277 3531 350 3587 0ed.
364 3536 431 3600 9623
447 3534 519 3587 intra
533 3535 583 3592 stt
595 3535 667 3589 oculi
677 3534 810 3589 cedentes.
843 3535 885 3591 77.
906 3550 923 3588 a
938 3532 1016 3588 libris
1029 3532 1132 3588 nostris
1143 3532 1189 3587 hic
1200 3546 1263 3587 ver-

279 3632 344 3686 sus,
362 3632 444 3687 quem
455 3616 585 3694 Barthius
604 3618 705 3673 eiicere
719 3620 791 3686 vult,
807 3632 863 3672 non
878 3621 966 3673 abest.
995 3620 1056 3673 Put.
1074 3617 1152 3671 Vrat.
1167 3619 1197 3671 in
1212 3616 1262 3689 fn-

278 3716 355 3769 rtcre,
372 3703 407 3757 cl.
426 3701 501 3759 Grut.
514 3718 592 3774 susp.
621 3706 666 3761 83.
680 3705 740 3759 eut.
757 3699 814 3777 Ρβ,
829 3702 911 3777 Gap
921 3705 1049 3775 arriput';
1062 3698 1139 3757 Colb.
1151 3702 1262 3773 Freisg.
1343 3688 1345 3705 ¹
