2842 4300
270 344 330 413 162
600 368 631 416 n.
654 368 789 417 esctun
810 367 925 418 suern

266 525 332 586 lura
353 524 446 585 bonus
464 524 585 585 meliora
604 532 703 585 nronet
724 542 883 604 regemque
904 534 1051 587 cruentum

267 610 439 690 Temperat,
461 610 597 670 assistunt
616 608 744 670 lacrimis
763 618 850 689 atque
871 611 939 687 igne
959 619 1103 671 tumentes

268 694 396 771 Cocytos
416 694 671 773 Phlegethonque,
694 703 725 755 ct
743 695 816 771 Styx
836 696 962 775 periuria
984 696 1079 756 divum
1225 704 1259 759 30
1334 788 1335 794 ἵ

267 780 380 858 Arguit.
419 778 475 841 Ille
497 788 593 840 artem
612 796 721 858 supera
743 793 885 879 corrpage
904 780 1003 844 solute

266 862 329 925 Nec
348 864 451 925 solitus
467 866 576 925 sentire
594 873 687 924 metus
709 866 827 943 expavit
847 864 951 925 oborta

267 949 385 1026 Sidera,
407 948 588 1044 iucundaque
609 946 740 1011 odensns
757 949 823 1009 luce
844 949 990 1031 prolator:

331 1032 431 1108 Quae
452 1039 588 1113 superum
609 1033 719 1094 lahes
710 1024 853 1094 inimicum
873 1035 985 1113 inpegit
1002 1030 1122 1093 Auerno

266 1116 416 1181 Aethera?
437 1120 500 1199 quis
522 1118 628 1198 rumpit
645 1116 788 1181 tenebras
801 1120 937 1198 vitaeque
955 1118 1076 1179 silentes
1223 1128 1259 1184 35

266 1200 433 1265 Admovet?
456 1202 529 1265 uude
551 1202 665 1263 mnae?
685 1212 750 1263 uter
768 1203 843 1264 haec
863 1204 930 1263 mihi
949 1201 1062 1283 proelia
1081 1201 1224 1265 hanani

268 1286 466 1367 congredior,
489 1298 611 1367 pereant
632 1288 756 1367 agedum
776 1288 940 1349 discrimina
961 1304 1067 1347 rerum.

265 1372 339 1435 Nam
362 1374 407 1434 cui
427 1373 513 1434 dulce
534 1372 646 1451 magis?
666 1390 771 1451 magno
790 1391 837 1433 rue
856 1372 941 1433 tertia
959 1373 1066 1433 victum

265 1458 382 1520 Deiecit
401 1457 514 1519 lortuna
534 1458 624 1539 pulo,
645 1459 838 1537 mundumque
853 1465 1009 1518 nocentem
1034 1479 1037 1487 ·

266 1546 378 1620 Servo,
400 1561 456 1603 nec
475 1544 531 1603 iste
551 1560 648 1619 meus,
670 1542 858 1622 dirisqne'eu
874 1543 996 1622 ¹pervius
1015 1541 1115 1602 astris.
1222 1553 1260 1606 lo
1311 1559 1313 1564 ’

265 1626 428 1707 Inspicitur.
473 1626 647 1688 Tumidusne
664 1644 745 1687 ruens
764 1636 904 1705 regnator
920 1625 1040 1707 Olympi
1161 1684 1165 1689 .

264 1710 407 1791 Explorat
426 1709 525 1773 vires'i
544 1710 640 1773 haheo
661 1712 717 1771 iarn
738 1728 844 1791 qnnssa
865 1711 1015 1789 (ligantur
1143 1768 1145 1773 .

265 1794 403 1873 Vincula,
426 1806 456 1856 et
478 1796 645 1859 aethereum
667 1796 789 1876 cupidos
805 1798 889 1857 exire
911 1796 965 1857 suh
986 1813 1071 1858 axem

265 1880 382 1943 'Pitanae
400 1882 593 1961 miserumque
618 1890 739 1962 patrem.
783 1879 858 1955 onst
879 1898 926 1942 me
947 1882 1006 1943 otia
1025 1890 1139 1942 noem
1244 1913 1248 1921 ,

265 1968 378 2028 Saevus
401 1975 430 2026 et
448 1967 627 2047 inplacidum·
645 1966 782 2046 prohihet
802 1966 936 2047 perles-re
956 1968 1093 2046 quictem,
1223 1978 1260 2033 tn

265 2052 466 2131 Animumque
484 2052 583 2112 odisse
604 2048 702 2112 dien?
720 2051 844 2131 pandam
856 2052 957 2113 ornnia
974 2050 1076 2130 regna,

266 2137 297 2198 Si
317 2136 431 2216 placet,
450 2144 481 2197 et
498 2137 604 2216 Stygio
626 2144 797 2217 praetexam
816 2135 983 2217 Hyperiona
1004 2136 1100 2198 caelo.

254 2221 380 2282 'Arcada
401 2240 456 2282 nec
478 2223 654 2300 superis-
675 2221 743 2300 quid
763 2222 839 2282 enirn
860 2221 928 2282 mihi
946 2223 1062 2282 nuntius
1079 2221 1182 2286 ambos
1334 2290 1335 2299 ,

264 2305 348 2385 Itque
370 2305 501 2384 reditque
520 2303 643 2367 domos?
665 2338 707 2353 -
724 2307 850 2366 emittant
869 2314 900 2367 et
923 2316 1080 2386 utrumque
1094 2307 1205 2417 tenebo

265 2390 456 2466 Tyndariden.
500 2388 560 2450 Gur
577 2397 673 2451 autem
693 2390 785 2450 auidis
805 2389 905 2451 lxiona
922 2391 1082 2469 frango
1211 2394 1259 2460 »sn

264 2471 452 2534 Vorticibus?
472 2490 526 2534 cur
545 2491 605 2534 uon
630 2483 797 2554 expeaant
802 2474 945 2537 'Pautulorr
963 2474 1102 2538 undaci

264 2559 348 2619 Anne
368 2559 548 2639 profanatum
563 2560 669 2620 totiens
692 2559 782 2620 chaos
797 2560 913 2641 hospite
932 2562 1001 2622 viro

263 2642 436 2724 Perpetiar‘l
455 2663 501 2706 me
518 2644 638 2706 Pirithoi
658 2646 829 2707 tancretius
850 2648 963 2708 ardor
1088 2654 1091 2658 ’

265 2729 397 2810 Temptat
418 2739 448 2792 et
470 2729 572 2792 audaci
595 2730 755 2792 Theseus
746 2741 856 2792 ruratus
874 2733 979 2807 amico,

263 2813 312 2875 Me
331 2814 411 2876 ferus
428 2811 566 2892 Alcides,
588 2825 659 2876 tuno
679 2831 765 2895 quum
781 2815 904 2880 custode
922 2822 1035 2876 remoto
1064 2842 1068 2851 ·
1188 2851 1191 2856 -
1225 2828 1260 2884 55

263 2897 374 2960 Ferrea
396 2897 565 2960 Cerbereae
586 2909 738 2961 tacuerunt
754 2900 851 2960 limina
869 2909 1010 2980 portae.-
1106 2927 1109 2934 ·

266 2981 396 3058 Odrysiis
420 2985 504 3044 etiarn
525 2983 614 3064 pudet
633 2983 706 3045 heo!
726 2985 856 3064 patuisse
876 2983 1007 3064 querelis
1099 3013 1103 3019 ·

263 3065 393 3127 Portare.
433 3067 516 3130 Pldi
519 3077 638 3147 egomet
661 3067 766 3129 blanda
782 3070 860 3130 inter
880 3070 1014 3130 camina
1026 3077 1131 3150 turpes

264 3149 450 3213 Eumenidum
467 3153 599 3214 lacrimas
616 3154 784 3231 iterataque
794 3168 886 3234 pensa
905 3168 1055 3230 οοιοιιιιιι,
1132 3176 1136 3185 ·

265 3233 312 3294 hle
334 3253 511 3316 quoque—·
516 3237 597 3307 ;sed
618 3237 706 3299 durae
728 3238 833 3300 melior
848 3236 987 3299 uiolentia
1007 3237 1093 3316 legis
1149 3256 1152 3264 ·
1225 3249 1263 3303 ur

264 3319 320 3380 Ast
342 3338 399 3398 ego
418 3321 469 3382 vix
489 3339 575 3382 unum
592 3339 648 3382 nec
669 3322 749 3384 celsa
771 3323 806 3384 ad
828 3323 929 3384 sidera
936 3322 1073 3383 lunt)
1139 3343 1142 3349 ·
1179 3353 1181 3356 >

265 3405 361 3465 Ausus
383 3409 439 3466 iter
457 3407 555 3468 Siculo
577 3408 658 3510 rapui
677 3407 802 3468 conubia
823 3421 941 3488 canpo;

264 3485 328 3550 Nec
348 3487 467 3552 licuisse
487 3491 596 3562 lerinum
619 3493 800 3571 iniustaeque
818 3491 855 3552 alr
876 3492 948 3554 Iove
968 3493 1055 3569 leges

264 3573 413 3653 Protinus,
437 3584 467 3636 et
488 3585 598 3636 sectum
619 3578 755 3654 genetrix
768 3577 838 3637 inihi
859 3587 1007 3657 computat
1025 3592 1137 3637 annm·
1245 3606 1249 3614 ·

266 3657 326 3718 Sed
348 3659 415 3737 quid
436 3673 492 3750 ego
512 3657 609 3722 haec?
648 3659 677 3738 l,
701 3657 854 3723 Tartareas
876 3661 1021 3724 ulciscere
1042 3661 1147 3737 tedes,
1226 3672 1267 3726 dc
