2842 4300
259 364 320 428 244
592 382 624 429 1³.
647 382 780 431 esurum
801 382 916 432 annun

258 538 429 601 Umbrarum
452 545 551 597 custos
571 538 725 618 mundique
746 542 918 600 novissimus
939 538 1027 600 bores
1218 555 1270 608 445

259 624 378 700 Palluit,
401 623 506 683 amisso
525 624 648 682 veniens
666 626 694 683 in
714 634 821 685 tartara
843 625 939 685 coelo.

322 708 388 769 Non
405 716 501 767 tamen
518 707 637 769 indulsit
656 724 788 787 pugnae,
811 718 1002 789 cunctataque
1022 711 1116 788 primo

260 793 394 855 Substitit
413 795 442 853 iu
461 794 579 853 scelere
599 802 630 853 et
650 795 766 874 paulum
788 794 902 855 fortuna
921 802 1032 855 morata
1051 804 1107 855 est.

259 879 309 939 Bis
332 896 434 940 cassae
456 880 573 957 periere
592 880 676 956 viae,
699 879 744 939 bis
765 881 894 939 cominus
917 888 1000 940 actos

256 963 372 1024 Avertit
390 963 483 1023 bouus
505 980 589 1023 error
610 980 719 1041 equos,
742 982 891 1044 puraeque
915 964 1031 1025 nefandi
1209 977 1263 1031 450

259 1050 411 1127 Sanguinis
433 1048 559 1127 obliquis
581 1049 750 1109 cecideruut
770 1048 875 1109 ictibus
897 1048 1008 1110 bastae.

258 1134 390 1195 Tendunt
411 1134 493 1193 frena
514 1152 598 1192 mauu
619 1142 649 1192 et
671 1134 768 1193 saeris
791 1133 952 1194 calcaribus
973 1142 1078 1211 urgent

256 1219 424 1287 Inmeritos;
445 1226 544 1278 movet
565 1226 595 1277 et
614 1220 744 1295 geminas
764 1218 929 1279 miserabile
953 1218 1048 1279 divum

255 1303 420 1383 Prodigium
441 1312 566 1378 turmas,
589 1302 758 1382 alternaque
779 1320 921 1363 murmura
940 1304 1061 1364 vulvum

256 1388 436 1464 nauseantes,
458 1390 564 1448 iterare
586 1390 694 1465 aciem,
717 1404 892 1468 procurrere
912 1404 1004 1468 saepe
1204 1403 1258 1455 455

255 1473 375 1553 lnpetus
397 1482 427 1534 et
451 1482 540 1533 totum
561 1474 675 1533 miseris
697 1490 849 1552 opponere
871 1472 987 1532 bellum.

320 1558 485 1619 Iamdudum
504 1559 590 1616 terris
613 1566 758 1637 coetuque
778 1558 890 1617 offensa
910 1557 1029 1617 deorum

256 1644 372 1704 Aversa
394 1643 471 1702 coeli
493 1642 589 1702 Pietas
610 1644 639 1701 iu
660 1651 744 1721 parte
763 1641 895 1718 sedebat,

255 1728 322 1788 Nou
342 1727 457 1803 babitu,
481 1742 539 1806 quo
560 1735 629 1786 nota
649 1728 745 1806 prius,
768 1728 896 1786 nonore
917 1744 1035 1803 sereno,

255 1813 316 1875 Sed
337 1814 416 1873 vittis
437 1821 524 1871 exuta
547 1828 672 1889 comam,
700 1812 885 1891 fraternaque
908 1810 996 1888 bella,
1202 1826 1255 1881 460

257 1895 318 1958 Ceu
340 1915 426 1958 soror
445 1897 547 1957 infelix
567 1906 742 1976 pugnantum
764 1906 812 1958 aut
833 1897 917 1957 anxia
938 1906 1039 1971 mater,

254 1982 407 2060 Pellebat,
430 1999 606 2060 saevumque
626 1981 726 2041 Iovem
745 1981 910 2058 Parcasque
931 1990 1072 2041 nocentes

254 2067 446 2143 vociferans,
470 2084 598 2144 seseque
618 2067 696 2144 polis
719 2075 748 2126 et
768 2066 835 2126 luce
856 2064 959 2126 relicta

255 2153 469 2214 Descensuram
490 2149 590 2212 Erebo
609 2160 640 2210 et
658 2153 778 2230 Stygios
799 2153 854 2210 iam
873 2150 960 2211 malle
981 2162 1113 2232 penates.

258 2238 351 2312 ‘Quid
371 2257 433 2313 me,
456 2239 510 2312 alt,
532 2245 564 2296 ut
584 2237 681 2296 saeuis
700 2239 870 2296 animantum
890 2253 925 2296 ac
945 2253 1035 2316 saepe
1056 2239 1176 2300 deorum
1200 2250 1252 2304 465

257 2321 439 2384 Obstaturam
459 2323 576 2397 animis,
601 2323 740 2402 princeps
761 2330 877 2397 natura,
902 2318 1048 2381 creabas?

255 2407 304 2468 Nil
324 2410 380 2467 iana
400 2424 457 2484 ego
476 2425 532 2485 per
550 2406 693 2484 populos,
719 2423 858 2484 nusquam
878 2408 1042 2466 reverentia
1063 2411 1166 2468 nostri.

257 2491 398 2568 (libror,
425 2507 443 2550 ο
464 2491 594 2550 homines
613 2491 752 2569 diraeque
773 2489 963 2550 Prometheos
984 2491 1076 2552 artes!

258 2575 350 2650 Quam
372 2575 448 2635 bene
469 2583 537 2654 post
557 2574 695 2650 Pyrrham
711 2573 798 2634 tellus
820 2583 984 2653 pontusque
1001 2575 1158 2638 vacabant!

256 2661 303 2722 Eu
326 2661 448 2722 mortale
470 2659 596 2738 genusl'
637 2660 732 2736 Dixit,
756 2658 964 2738 speculataque
982 2669 1097 2738 tempus
1201 2671 1253 2728 470

258 2741 416 2806 ‘Auxilium
436 2753 625 2823 temptemus,
647 2747 701 2821 ait,
724 2745 793 2804 licet
815 2745 898 2804 inrita
920 2748 1033 2820 coner,'

254 2831 438 2909 Desiluitque
458 2829 545 2909 polo,
565 2831 668 2890 niveus
688 2828 742 2888 sub
764 2827 887 2888 nubibus
908 2829 974 2890 altis

257 2915 435 2994 Quamquam
454 2923 567 2974 moesta
586 2915 661 2975 deae
681 2915 812 2992 sequitur
832 2915 955 2991 vestigia
976 2915 1068 2974 limes.

257 2999 315 3060 Vix
337 3008 460 3059 steterat
480 3015 601 3076 campo,
623 2997 718 3059 subita
739 3015 944 3059 mansuescere
967 3017 1042 3078 pace

257 3085 379 3161 Agmina
402 3085 560 3161 sentirique
581 3084 678 3173 nciam
701 3093 769 3143 turm
791 3099 843 3144 ora
863 3083 1033 3144 madescunt
1201 3095 1253 3152 475

256 3169 439 3246 Pectoraque
460 3177 491 3228 et
511 3169 615 3228 tacitus
636 3166 784 3248 subrepsit
804 3167 940 3228 fratribus
961 3168 1075 3228 horror.

168 3253 176 3268 “
257 3254 346 3314 Arma
368 3255 453 3313 etiam
472 3253 601 3314 simulata
621 3269 729 3331 gerens
752 3251 903 3332 cultusque
924 3253 1036 3330 viriles,

256 3337 340 3399 Nunc
360 3337 421 3413 bis,
445 3355 521 3398 nuno
540 3338 599 3398 illis
621 3338 740 3415 ‘Agitm
761 3341 818 3414 ite,
843 3336 989 3415 obsistite,
1013 3339 1125 3415 clamat,

259 3421 331 3496 Quis
352 3425 410 3483 nuti
429 3421 593 3502 fratresque
614 3423 708 3500 domi,
732 3423 795 3502 quis
815 3423 936 3501 pignora
958 3432 1043 3484 tanta.
1070 3451 1073 3462 ·

257 3506 308 3568 llis
331 3525 448 3587 qnoque
468 3523 564 3567 nonne
586 3508 682 3589 palam
704 3517 749 3568 est
766 3505 842 3568 ultro
860 3507 1055 3568 miserescere
1069 3508 1175 3570 diuos?
1202 3521 1255 3576 480

258 3592 331 3653 Tela
353 3593 474 3670 cadunt,
497 3601 665 3653 cunctantur
686 3594 769 3670 equi,
791 3591 853 3651 fors
875 3592 939 3672 ipsa
959 3599 1126 3673 repugnat?

321 3676 457 3738 Nonnihil
472 3677 620 3757 inpulerat
641 3676 759 3754 dubios,
780 3677 809 3737 ni
831 3685 915 3740 torua
934 3687 1064 3740 notasset
