2842 4300
239 360 301 425 258
569 376 602 427 Ρ.
624 376 760 426 sanun
781 376 899 429 suurn

239 533 377 595 Cominus
396 531 503 595 inlandi
524 532 609 611 leges
631 533 778 595 accedere
798 536 893 613 regni,

240 620 306 693 Quo
327 616 489 697 Rhodopes
511 620 649 679 nonulla
672 638 779 695 nurus,
801 639 857 680 nec
879 620 992 681 alumna
1015 622 1114 681 nivosi

237 703 369 779 Phasidis
390 704 516 783 innuptis
535 702 641 763 vallata
665 704 834 764 cohortibus
855 707 921 765 iret.

238 788 320 848 Tunc
340 798 439 849 movet
458 796 521 849 arte
544 788 659 867 dolum,
682 807 740 868 quo
762 798 856 850 semet
872 789 907 850 ab
924 790 1040 869 agmine
1058 790 1118 851 iido

239 876 403 952 Segreget,
421 874 593 952 immitesque
615 874 688 933 deos
705 892 866 953 regemque
887 884 1037 936 cruentum

240 957 441 1038 Contemptrix
463 960 574 1018 animae
598 968 628 1019 et
645 978 752 1037 magno
774 962 927 1020 temeraria
950 960 1031 1021 luctu
1205 972 1263 1026 185

237 1044 399 1113 Provocet;
420 1042 572 1103 hortantur
592 1044 686 1123 pietas
707 1047 851 1124 ignesque
873 1044 981 1124 pudici.

238 1129 307 1209 lpse
330 1130 417 1189 etiam
439 1137 504 1187 ante
526 1128 631 1189 oculos
653 1132 730 1189 omni
752 1130 921 1190 maniiesme
943 1131 971 1189 in
994 1138 1062 1188 actu

236 1212 322 1274 Nunc
340 1212 451 1291 hospes
470 1214 612 1289 miserae,
637 1216 743 1293 primas
762 1232 839 1274 nnnc
861 1231 986 1294 sponsus
1009 1214 1046 1274 ad
1067 1231 1152 1292 aras,

237 1298 322 1359 Nunc
340 1300 414 1359 mitis
435 1299 557 1373 coniux,
580 1300 731 1359 nunciam
754 1299 808 1359 sub
831 1298 946 1360 casside
968 1308 1054 1359 torva

238 1382 371 1444 bloestns
391 1384 420 1443 in
439 1382 575 1463 amplexu
596 1381 773 1462 multumque
793 1402 810 1444 a
832 1384 930 1443 limine
951 1400 1063 1443 summo
1205 1394 1262 1449 190

238 1468 430 1547 Respiciens;
451 1466 504 1527 sed
525 1466 604 1527 nulla
624 1468 719 1527 animo
738 1467 913 1527 obversatur
933 1468 1031 1543 imago

239 1552 398 1627 crebrior,
420 1551 507 1611 Aonii
525 1569 610 1629 qnam
632 1570 708 1631 quae
731 1552 767 1612 de
791 1553 930 1630 sanguine
952 1552 1047 1630 campi

152 1634 161 1648 ”
237 1636 322 1697 Nuda
343 1636 424 1695 venit
441 1637 597 1715 poscitque
614 1654 716 1713 rogos.
757 1636 808 1696 llis
829 1638 913 1697 anxia
934 1644 1060 1695 mentem

238 1722 398 1798 Aegrescit
419 1723 514 1797 curis,
538 1730 567 1781 et
589 1722 636 1799 qui
657 1722 837 1781 castissimus
860 1720 957 1797 ardor,

238 1805 337 1867 Funus
359 1814 447 1875 amat;
469 1814 538 1865 tunc
560 1805 596 1865 ad
618 1808 741 1866 comites
765 1824 908 1866 conversa
927 1804 1087 1884 Pelasgas:
1205 1818 1260 1873 195

304 1890 401 1968 ‘Vos,
426 1892 481 1967 ait,
499 1890 627 1951 Actaeas
649 1892 729 1951 acies
751 1890 988 1969 Marathoniaque
1010 1908 1089 1951 arma

238 1976 364 2053 Elicite,
388 1976 575 2055 adspiretque
598 1978 647 2055 pio
670 1976 786 2035 fortuna
809 1976 913 2036 labori.

237 2060 286 2122 Me
306 2062 391 2121 sinite
414 2058 561 2139 Ogygias,
584 2069 779 2140 tantaequae
802 2060 866 2121 sola
888 2062 988 2120 ruinae

240 2145 334 2209 Causa
353 2146 411 2222 lui,
436 2155 591 2225 penetrare
613 2146 717 2207 domos
739 2157 769 2206 et
791 2146 908 2207 lulmina
930 2147 1014 2224 regni

238 2232 332 2294 Prima
355 2232 430 2312 pati;
450 2250 506 2292 nec
527 2231 613 2291 surda
633 2232 715 2292 ferae
738 2231 916 2312 pulsabimus
938 2231 1020 2291 urbis
1204 2247 1258 2300 2oe

237 2317 363 2391 Limina,
383 2323 448 2375 sunt
472 2316 533 2375 illic
555 2317 652 2376 soceri
669 2317 738 2376 mihi
759 2325 883 2394 suntque
905 2333 1026 2376 sorores

240 2400 398 2478 Coniugis,
424 2409 454 2460 et
476 2399 593 2459 Thebas
610 2400 685 2461 haud
705 2401 864 2480 ignoranda
885 2400 1000 2460 subibo.

240 2485 286 2546 Ne
308 2493 416 2546 tantum
438 2493 578 2544 revocate
598 2486 724 2562 gradus;
746 2486 797 2546 illo
819 2487 935 2564 inpetus
960 2486 1064 2563 ingens

238 2571 457 2648 Auguriumque
480 2569 590 2630 animi!
632 2569 696 2630 Nec
714 2570 814 2649 plura,
835 2587 981 2648 unumque
999 2568 1174 2649 Menoeten,

240 2653 316 2716 Olim
333 2655 382 2715 bio
402 2656 526 2733 virginei
550 2664 649 2715 custos
670 2657 854 2734 monitorque
876 2653 1009 2734 pudoris,
1201 2670 1256 2722 205

238 2740 345 2820 Eligit,
368 2749 398 2800 et
420 2758 591 2820 quamquam
612 2741 693 2800 rudis
714 2749 801 2819 atque
823 2741 922 2817 ignara
944 2739 1075 2800 locorum

238 2823 421 2905 Praecipites
440 2843 578 2902 gressus,
601 2843 657 2904 qna
676 2833 800 2885 venerat
822 2821 955 2900 Omitns,
977 2825 1082 2884 aufert.

238 2909 337 2988 Atque
359 2908 407 2969 ubi
428 2911 491 2969 visa
513 2909 617 2989 procul
638 2911 736 2970 socias
757 2909 878 2988 liquisse
899 2908 1054 2970 malorum:

241 2993 354 3070 ‘Anne,
374 2995 427 3074 ait,
447 2992 570 3054 hostiles
594 3011 652 3072 ego
674 3003 703 3054 te
724 2993 843 3054 labente
863 3011 1036 3074 peragras,

238 3078 304 3138 Heu
326 3078 428 3138 dolor!
448 3087 617 3158 expectem,
641 3097 783 3158 quaenam
805 3079 948 3139 sententia
968 3077 1040 3139 lenti
1202 3096 1258 3149 210

240 3159 398 3224 Theseos?
418 3181 454 3224 an
474 3163 554 3224 bello
577 3181 738 3243 proceres,
761 3183 797 3224 an
819 3163 924 3225 dexter
942 3163 1092 3244 haruspex

240 3243 376 3310 Annuat?
396 3249 506 3310 interca
528 3249 612 3308 innus
636 3249 800 3326 decrescit,
822 3258 851 3309 ct
872 3249 955 3308 uncis

240 3331 368 3392 Alitibus
390 3350 447 3392 non
468 3333 522 3394 hos
543 3335 639 3414 potius
661 3336 850 3416 supponimus
870 3331 970 3394 arlusl

239 3417 278 3478 Et
299 3435 375 3477 nunc
394 3436 441 3478 me
462 3418 578 3494 duram,
601 3420 625 3478 si
647 3419 710 3497 quis
733 3418 786 3479 tibi
807 3438 929 3495 sensus,
951 3420 986 3483 ad
1011 3419 1133 3480 umbras

239 3501 287 3562 Me
308 3502 418 3562 tardam
439 3505 574 3582 quereris
595 3503 723 3581 Stygiis,
745 3503 898 3580 fidissime,
922 3503 1006 3564 divis.
1204 3520 1256 3572 215

239 3585 303 3645 Heu
326 3589 350 3646 si
372 3588 464 3648 nudus
485 3587 594 3664 adhuc,
617 3588 675 3650 heu
697 3592 722 3648 si
743 3589 798 3647 iam
819 3589 897 3648 iorte
920 3589 1064 3668 sepultus,

239 3669 376 3732 Nostrum
399 3681 550 3750 utrumqne
571 3672 670 3742 neias;
693 3673 769 3734 adeo
790 3674 835 3732 uis
857 3673 934 3734 nulla
956 3674 1079 3750 dolenti,
