2842 4300
274 371 319 434 82
604 387 636 434 P.
659 386 792 436 esctun
814 385 930 437 annun

276 542 399 605 Nubilus
420 541 514 606 Areas
535 552 615 622 agan
639 551 741 604 oontm
763 559 818 624 per
838 544 954 605 erimina
974 543 1092 620 iuuetis,

275 629 333 704 Qui
353 628 452 708 plures
475 627 590 704 Erebo,
611 628 769 708 pluresque
788 645 807 688 e
824 630 963 706 sanguiue
987 627 1098 706 Cadmi,

277 714 381 790 Angue
402 722 448 772 ter
469 731 598 773 excusso
617 722 646 773 et
667 713 800 791 llagrantl
823 714 941 792 praeuia
962 723 1042 789 taxo,
1221 723 1273 778 486

277 797 452 877 Tisiphone,
476 798 533 858 dux
555 798 649 877 pande
667 797 759 874 diem,
780 815 836 858 nec
859 799 932 860 lucis
954 807 1078 875 egentes

278 882 424 943 Cerberus
443 899 569 943 occursu
591 882 716 962 capitum
737 890 907 961 retorqueat
924 881 1063 943 umbras.'

339 966 475 1041 Dixerat,
496 976 527 1027 et
547 968 657 1046 pariter
672 967 772 1027 seulor
793 967 989 1047 Phoebeaque
1010 969 1095 1045 virgo

275 1052 407 1114 Erexere
429 1053 553 1121 auimos;
574 1051 617 1112 illi
635 1050 787 1112 lormidlne
808 1052 897 1128 nulla,

276 1137 392 1216 Quippe
411 1138 439 1196 iu
461 1135 551 1197 corde
573 1137 663 1212 deus,
682 1136 777 1196 solum
794 1145 904 1197 tuemur
924 1135 1019 1196 obruit
1037 1137 1140 1214 ingens
1219 1145 1274 1202 490

275 1221 543 1300 Oedipodioniden,
566 1222 698 1299 vatisque
717 1220 862 1282 horrenda
880 1221 1009 1282 canentis

275 1305 358 1366 Nunc
379 1305 532 1381 humeros,
551 1323 626 1365 nunc
645 1305 698 1366 ille
715 1323 813 1366 manus
836 1314 866 1366 et
887 1306 1000 1367 vellera
1021 1315 1138 1386 pressat

275 1391 403 1467 Anxius,
424 1391 607 1469 inceptisque
625 1390 698 1451 velit
718 1391 862 1451 desistere
883 1392 985 1451 sacris.

337 1474 438 1550 Qualis
460 1474 600 1535 Gaetulae
616 1474 808 1536 stabulantem
829 1474 865 1535 ad
887 1475 1027 1554 confraga
1047 1476 1139 1538 siluae

274 1561 405 1620 Venator
425 1559 514 1636 longo
536 1569 642 1620 motum
660 1560 789 1620 clamore
811 1560 926 1620 leonem
1220 1572 1275 1629 495

201 1707 204 1710 ,
275 1641 437 1723 Expectat,
457 1644 573 1704 lirmans
593 1645 714 1704 animum
733 1653 762 1704 et
783 1645 914 1705 sudantia
936 1645 999 1704 uisu

275 1729 347 1789 Tela
369 1745 519 1808 premeus;
541 1728 621 1806 gelat
644 1745 696 1790 ora
713 1745 824 1808 parur,
844 1747 1024 1808 gressusque
1045 1729 1246 1808 tremiscunt,'

275 1814 347 1887 Quis
366 1814 463 1874 veniat
484 1823 680 1892 quantusque,
702 1814 756 1874 sed
775 1813 891 1875 horrida
912 1815 994 1892 sigua
1016 1813 1166 1876 lrerueutis

276 1898 393 1977 Accipit
415 1906 445 1958 et
467 1915 557 1959 caeca
577 1900 693 1958 metitur
713 1915 854 1959 murmura
876 1917 955 1959 cura.

337 1983 434 2061 Atque
455 1981 502 2043 hic
520 1982 648 2043 Tiresias
670 1984 794 2043 nondum
812 1982 1031 2044 adventantibus
1052 1982 1179 2046 umbris:
1223 1999 1277 2052 noo

277 2067 418 2144 εΤθεῑοτ,
439 2069 493 2144 ait,
518 2067 618 2144 divae,
642 2068 746 2146 quibus
763 2068 838 2128 hunc
861 2069 1049 2129 saturavimus
1066 2069 1176 2148 ignem,

273 2154 429 2232 haevaque
450 2153 608 2214 convulsae
632 2153 762 2214 dedimus
784 2153 934 2214 carchesia
953 2163 1060 2230 terrae,

273 2237 332 2297 lam
353 2254 469 2317 nequeo
489 2237 619 2298 tolerare
640 2255 759 2298 moram.
784 2235 944 2322 ·Cassuspe
965 2238 1106 2299 sacerdos

274 2318 405 2382 Audior?
424 2340 460 2381 an
480 2321 582 2382 rabido
601 2321 698 2382 iubeat
718 2323 742 2382 si
763 2322 903 2383 Thessala
921 2332 1005 2383 cautu
1160 2396 1165 2407 .

266 2403 376 2485 ibitis?
399 2414 429 2465 et
449 2404 594 2480 Scythicis
616 2406 750 2487 quotiens
768 2408 910 2469 medicata
931 2408 1052 2469 venenis
1223 2424 1276 2477 505

274 2488 393 2549 Colchis
415 2496 500 2567 aget,
522 2490 637 2569 trepido
660 2488 809 2570 pallebunt
826 2501 933 2553 tartara
954 2489 1055 2552 motu?

274 2573 373 2633 Nostri
396 2592 465 2634 cura
484 2575 594 2649 minor,
617 2576 642 2635 si
663 2592 720 2634 uon
742 2576 879 2637 attollere
901 2576 992 2637 bustis
1114 2612 1116 2619 ι

275 2658 423 2737 Corpora,
446 2676 502 2721 nec
522 2658 624 2738 plenas
646 2661 770 2737 antiquis
793 2660 908 2721 ossibus
928 2676 1014 2720 urnas

273 2742 422 2821 Egerere,
446 2752 476 2803 et
498 2745 603 2803 mixtos
621 2744 758 2822 coelique
776 2741 924 2825 Erebique
945 2744 999 2805 sub
1018 2764 1103 2805 unum

273 2827 433 2888 Funestare
451 2828 524 2887 deus
546 2827 633 2904 libet,
655 2836 702 2889 aut
721 2831 863 2907 exanguia
887 2829 967 2890 ferro
1223 2846 1274 2899 510
1331 2892 1332 2897 ,

273 2910 331 2972 Ora
353 2913 451 2990 sequi,
474 2921 521 2971 aut
541 2931 645 2989 aegras
663 2913 825 2974 insuetorum
847 2932 973 2994 carpere
992 2911 1103 2975 libras?

273 2995 317 3055 Ne
339 3006 442 3056 tenues
466 3013 556 3055 annos
579 2998 742 3078 nubemque
761 2998 835 3059 hauc
853 2999 957 3059 frontis
975 3016 1099 3079 opacae,

272 3081 407 3159 Spernite
429 3098 484 3156 ue,
506 3098 626 3158 moneo,
648 3092 678 3143 et
695 3082 780 3143 nobis
798 3084 913 3144 saevire
935 3083 1069 3144 lucultus.¹

272 3165 385 3224 Scimus
406 3166 480 3224 enim
500 3174 530 3225 et
545 3167 681 3248 quidquid
700 3167 757 3228 diei
777 3169 919 3247 noscique
940 3169 1057 3245 timetis,

271 3247 308 3309 Et
330 3248 446 3310 turbare
464 3248 608 3328 llecateu,
629 3255 657 3311 ni
675 3260 721 3329 te,
745 3252 943 3331 Thymbraee,
964 3269 1095 3331 vererer,
1222 3270 1271 3323 51⁵
1330 3256 1331 3279 l

270 3332 308 3393 Et
329 3333 451 3413 triplicis
470 3334 565 3399 muudi
584 3355 738 3413 summum,
762 3355 847 3415 quem
869 3340 948 3399 scire
965 3338 1107 3399 nefastum
1130 3351 1187 3403 est.

271 3417 353 3477 lllum
374 3416 427 3478 sed
445 3428 546 3479 taceo:
569 3421 707 3501 prohibet
727 3422 880 3503 tranquilla
902 3430 1049 3483 senectus.

167 3512 170 3517 ·
270 3502 386 3581 lamque
408 3520 464 3581 ego
484 3521 538 3564 uos
560 3510 624 3564 -.’
665 3506 759 3567 A'vide
781 3508 885 3568 subicit
906 3506 1054 3569 Phoebeia
1074 3506 1190 3570 Manto:

334 3587 485 3665 ‘Audiris,
504 3592 636 3667 genitor,
657 3591 821 3671 vulgusque
841 3610 974 3673 exangue
995 3589 1203 3675 propinquat'
1261 3596 1263 3601 ’
1328 3658 1329 3663 ,

269 3670 403 3734 Panditur
423 3671 552 3751 Elysium
575 3674 682 3755 chaos,
704 3685 735 3737 et
756 3677 870 3740 telluris
891 3687 1014 3759 opertae
1219 3690 1272 3745 520
