2842 4300
425 830 471 913 P.
500 828 711 917 PAPINH
741 828 921 917 sunm

255 992 1090 1100 THEBAIDOS

490 1184 852 1263 saonen.

175 1416 293 1529 obruit
311 1468 453 1548 Hesperia
476 1467 625 1531 Phoebum
646 1486 705 1529 nox
721 1469 836 1531 humida
858 1478 953 1548 porta,

171 1554 311 1633 Imperiis
332 1562 489 1635 properata
510 1552 605 1630 Iovis,
627 1572 683 1615 neo
704 1563 800 1615 castra
823 1554 978 1631 Pelasgum

170 1641 236 1700 Ant
255 1637 357 1715 Tyrias
377 1640 530 1699 miseratus
552 1655 643 1717 opes,
667 1639 721 1700 sed
741 1640 840 1715 triste,
863 1648 906 1699 tot
927 1648 1010 1701 extra

170 1724 301 1801 Agmina
322 1732 352 1783 et
371 1724 519 1783 inmeritas
539 1722 619 1783 ierro
641 1723 819 1785 decrescere
840 1732 956 1801 gentes

168 1808 312 1869 Panditur
332 1809 462 1869 inmenso
484 1806 622 1868 deformis
642 1809 782 1885 sangnine
798 1826 926 1887 campus.
1160 1819 1176 1869 o

169 1894 242 1955 lilio
263 1910 342 1955 arms
362 1902 391 1953 et
412 1908 522 1970 equos,
546 1890 626 1953 ibant
647 1892 751 1969 quibus
773 1900 839 1954 ante
860 1890 991 1971 superbi,

169 1979 350 2057 Funersquc
373 1976 445 2039 orba
466 1976 548 2052 rogis
569 1975 765 2054 neglectaque
785 1976 914 2037 membra
935 1975 1108 2054 relinquunt.

171 2063 259 2123 Tunc
280 2060 421 2123 inhonora
443 2060 550 2121 cohors
572 2060 685 2129 loceris¹
699 2060 860 2138 insignibus
883 2078 990 2138 aegras

170 2150 341 2210 Secernunt
362 2148 458 2222 acies,
481 2155 643 2226 portaeque
666 2145 829 2207 ineuntibus
850 2164 930 2208 orma

169 2234 327 2311 Augustae
351 2232 467 2312 populis
488 2231 547 2292 lato
570 2249 680 2310 cepere
697 2248 847 2292 reversos.
1142 2244 1176 2294 10

170 2319 231 2380 Par
254 2318 395 2396 utrimque
416 2315 518 2391 dolor,
540 2315 594 2376 sed
615 2316 683 2378 dont
704 2316 808 2379 solatia
828 2315 937 2376 Thebis

172 2403 308 2477 Quatnor
328 2410 459 2462 errantes
479 2400 608 2462 Densum
631 2401 694 2461 sine
712 2401 849 2480 praeside
871 2409 992 2475 turmae,

173 2486 241 2548 Cen
260 2503 338 2546 mure
361 2503 416 2564 per
435 2485 571 2546 tumidum
591 2486 696 2547 viduae
717 2485 934 2548 moderantibus
957 2485 1025 2561 aini,

172 2572 257 2646 Quas
274 2571 347 2630 deus
370 2580 399 2630 et
418 2587 504 2632 casus
526 2578 776 2650 tempestatesque
793 2570 966 2649 gubernant.

170 2656 247 2716 Inde
263 2656 372 2716 animus
393 2656 487 2732 Tyriis
508 2672 566 2716 non
585 2657 641 2717 ism
662 2665 848 2731 anacastra,
870 2654 924 2716 sed
942 2653 1019 2714 ultro
1143 2667 1176 2718 15

171 2739 320 2801 Hostilem
340 2758 459 2802 servare
478 2739 593 2817 iugum,
614 2757 671 2800 noo
690 2739 768 2800 iorte
790 2738 929 2815 Mycenas

173 2823 314 2886 Contenti
336 2825 460 2886 rediisse
482 2833 596 2903 petunt;
620 2825 669 2885 dst
690 2832 805 2884 tessera
822 2824 936 2902 signnm

172 2907 333 2985 Excubiis,
356 2911 530 2989 positaeque
551 2909 648 2976 vices:
671 2908 731 2968 dux
750 2909 846 2968 noctis
862 2917 984 2987 opertae

173 2996 264 3056 Sorte
286 2993 389 3072 Meges
406 2995 543 3073 ultroque
565 2992 674 3068 Lycum
698 2993 814 3072 iamque
836 2995 938 3056 ordine
957 2994 1037 3054 iusso

174 3079 282 3154 Arma,
303 3079 395 3158 dapes
413 3079 568 3157 ignemque
588 3077 698 3145 ierunt:
721 3096 777 3138 rex
798 3078 892 3140 firmat
913 3085 1031 3138 euntes:
1139 3090 1174 3142 no

243 3163 397 3226 ‘Victores
417 3163 562 3240 Danaum,
583 3195 625 3209 -
641 3179 697 3222 nec
717 3164 794 3222 enim
813 3163 864 3223 lux
882 3164 1007 3223 crustica
1029 3161 1130 3243 longe,

174 3247 242 3308 Nec
264 3266 339 3326 quae
362 3265 417 3329 pro
438 3248 543 3310 timidis
565 3249 763 3308 intercessere
783 3247 924 3308 tenebrae

175 3334 303 3411 Semper
325 3342 423 3409 erunt,
444 3365 488 3381 -
508 3341 613 3409 augete
633 3331 745 3392 animos
763 3341 793 3392 et
813 3331 899 3409 digna
925 3331 1060 3392 secundis

174 3416 301 3478 Pectora
320 3418 395 3478 ierte
414 3417 492 3486 deis;
514 3417 592 3478 iacet
613 3418 705 3478 omnis
723 3417 818 3495 gloria
836 3416 949 3477 Lernae

173 3499 416 3584 Praecipuaeque
438 3519 553 3578 monus,
576 3501 663 3562 subiit
680 3501 795 3562 ultricia
815 3500 933 3577 Tydeus
1140 3512 1173 3564 25

175 3583 315 3664 Turtam,
336 3603 414 3648 mors
434 3585 557 3650 subitam
577 3586 652 3664 nigri
672 3595 771 3666 stupet
792 3587 910 3664 auguris
928 3585 1069 3662 umbram,

173 3666 308 3732 Ismenos
329 3672 419 3754 raptis
441 3680 532 3734 tumet
554 3670 796 3753 Hippomedontis
818 3671 934 3751 opimis,
