2842 4300
239 332 288 413 fif>
592 363 623 420 r,
636 363 781 422 ‘euenum
801 363 917 416 suurn

247 518 285 581 Εἰ
306 495 493 579 memoranda
515 517 567 579 diu*
584 517 914 598 geniumquebubitura
935 519 1113 598 perennem!
1166 537 1170 548 ·
1195 569 1199 574 .
1348 465 1350 500 Ε

246 601 328 664 Mille
349 601 390 662 ibi
412 611 480 662 tuno
500 603 618 682 species
642 605 780 682 aerisque
801 603 966 682 eborisque
978 606 1088 664 vetusti
1143 628 1157 652 <2
1191 606 1193 612 '

246 688 346 766 Atque
375 684 523 748 locuturas
546 687 673 748 mentito
691 704 819 766 corpore
841 705 951 749 ceras·r
1151 709 1156 720 ’

234 769 371 832 ‘lididici
419 769 491 844 Quis
513 781 638 851 namque
660 771 755 838 ababa
775 771 935 832 certaverit
950 788 1074 850 usquam
1126 789 1130 796 ⁴

245 855 378 914 Vindicis
400 855 542 915 artificum
563 864 682 916 veteres
703 873 870 932 agnoscere
891 855 1005 932 ductus,

246 938 361 1020 Etuou
380 939 528 1018 inscriptis
550 948 701 1001 auctorem
721 939 848 999 reddere
870 935 985 1016 signis?
1063 987 1067 992 ,
1126 998 1130 1002 .

246 1023 300 1083 llic
327 1021 378 1082 tibi
400 1038 475 1102 quae
489 1023 725 1084 doatomultnm
744 1023 866 1104 vigilata
886 1021 1002 1100 llyroni
1038 1043 1041 1050 ·

247 1107 345 1183 Aera,
367 1105 518 1167 laboriferi
538 1109 636 1168 vivant
657 1125 734 1186 quae
753 1125 897 1168 marmora
917 1107 1005 1168 coelo

233 1190 419 1267 “Praxitelis,
444 1191 522 1270 quod
545 1191 618 1252 ebur
636 1191 741 1252 Pisaeo
763 1191 876 1274 polliqe
895 1209 1005 1268 rasum,

247 1275 334 1349 Quod
355 1274 536 1350 Polycleteis
559 1276 670 1334 iussum
691 1277 806 1355 spirare
822 1277 964 1351 caminis,

246 1359 335 1420 Linea
358 1376 434 1438 quae
453 1368 586 1420 veterem
608 1359 1013 1439 longetoeaturdpatten,

247 1442 434 1519 Monstrabit,
457 1461 582 1522 namque
604 1443 696 1520 haec,
721 1442 988 1524 quotiens-abolyu
1001 1443 1101 1522 exuit,
1118 1442 1162 1504 illi

246 1526 368 1588 Desidia
391 1535 453 1603 est,
474 1527 523 1587 hic
544 1527 657 1590 Aoniis·
672 1545 755 1588 arnor
774 1537 888 1590 avocat
901 1530 1002 1589 antris.

247 1609 254 1642 ³
312 1611 393 1670 Haec
414 1611 490 1671 inter
509 1621 609 1672 castae
632 1614 736 1688 genium
757 1613 908 1692 tutelaque
927 1629 1048 1672 memae
1164 1631 1168 1639 ·

248 1694 526 1774 Amphitryoniades
546 1695 637 1755 multo
656 1714 728 1756 mea·
743 1698 822 1776 cepit
836 1711 944 1756 ‘amore

247 1777 390 1853 Pectora,
412 1797 469 1838 nec
492 1779 582 1856 longo
603 1781 720 1840 satiavit
738 1780 843 1841 lumina
861 1781 959 1840 visuz·

248 1862 358 1922 'lautus
379 1861 473 1922 honos
496 1863 581 1942 operi
602 1863 741 1944 finesque⁴
757 1863 870 1925 inclusa
892 1867 1075 1942 peraratas
1098 1855 1100 1859 ’
1193 1903 1201 1924 ,
1263 1864 1268 1874 ’

142 1960 146 1966 ·
247 1945 402 2007 Maiestas!
425 1945 525 2024 Deus,
548 1947 600 2007 ille
625 1947 698 2008 deus
721 1965 850 2028 seseque
872 1945 1027 2010 videndum

229 2030 390 2106 indulsit,
412 2029 556 2110 Lysippe,
579 2029 841 2111 tibi,·parvusque
862 2032 975 2102 videri,
1004 2103 1009 2109 ‚

248 2115 417 2194 Seutirique
439 2117 558 2193 iugeus;
584 2125 615 2177 et
636 2134 723 2195 quum
744 2116 886 2177 mirabilis
905 2117 980 2177 intra
1009 2130 1013 2140 ·
1075 2133 1079 2140 ·

248 2201 315 2261 Stet
334 2216 469 2261 mensura
493 2200 618 2279 pedem,
640 2210 739 2262 tamen
757 2202 924 2265 exclaauare
942 2198 1057 2276 libebit,
1149 2237 1151 2242 -
1177 2227 1194 2239 ==

250 2284 282 2344 Si
301 2282 390 2342 visus
404 2301 459 2361 per
476 2284 606 2345 membra
627 2284 723 2353 feres;
748 2284 807 2344 hoc
828 2294 952 2363 pectore
971 2302 1094 2362 pressus

248 2366 388 2426 Vastator
408 2365 552 2435 Nemeam
576 2367 651 2427 haec
671 2368 792 2427 exitiale
812 2367 949 2429 ferebant
1013 2411 1015 2414 -
1064 2394 1068 2400 ⁴
1137 2410 1141 2423 .

249 2448 352 2509 Robur
375 2456 410 2509 et·
426 2448 546 2527 Argoos
565 2449 742 2527 frangebant
761 2450 880 2512 brachia
901 2467 1010 2512 remos.

247 2534 313 2593 Hoc
336 2532 438 2612 spatio¹
453 2543 636 2611 tammagna
655 2534 743 2595 brevi
765 2536 918 2596 mendacia
938 2534 1069 2596 formae!
1142 2570 1146 2576 ·
1215 2541 1230 2561 ·’
1348 2568 1350 2623 3

250 2615 322 2691 Quis
345 2616 448 2677 modus
470 2618 499 2677 in
518 2617 770 2697 dextra,1quanta
793 2620 978 2699 experientia
998 2618 1080 2680 docti
1140 2655 1144 2666 ·
1193 2666 1197 2675 .

249 2700 378 2771 Artificis
402 2701 495 2776 curis,
519 2702 631 2780 pariter
651 2704 813 2778 gestamina
835 2720 956 2764 mensae
1062 2743 1065 2746 -
1103 2741 1136 2752 -·
1173 2742 1203 2761 fl.

249 2784 377 2861 Fingere
401 2794 430 2845 et
454 2786 589 2863 ingentes
609 2786 702 2846 animo
723 2804 846 2847 versare
870 2784 1023 2847 colossos!
1081 2806 1086 2813 ·
1159 2834 1162 2844 .

207 2890 210 2895 ¹
250 2868 323 2928 Tale
345 2886 402 2928 nec
420 2867 517 2929 Idaeis
538 2870 694 2948 quidquam
714 2868 873 2931 Telchines
893 2872 923 2931 in
942 2870 1045 2945 antris,

248 2950 314 3011 Neo
338 2952 449 3013 solidus
473 2951 602 3013 Brontes
621 2970 688 3031 uec,
711 2954 760 3031 qui
781 2953 857 3033 polit
878 2971 956 3015 arma
970 2954 1126 3029 deorum,
1210 2978 1215 3017 :

155 3073 157 3079 .
248 3036 400 3112 Lemnius,
424 3036 530 3113 exigua
552 3039 697 3115 potuisset
719 3038 821 3101 ludere
841 3056 948 3099 massa.

313 3117 378 3179 Nec
400 3126 484 3180 torva
507 3120 624 3199 efligies
646 3120 919 3201 epulisquealieoa
940 3122 1084 3200 remissis,
1199 3171 1204 3180 .

250 3200 317 3265 Sed·
334 3203 451 3281 qualem
474 3206 555 3283 parci
576 3206 677 3265 domus
698 3206 838 3267 admirata
859 3205 1016 3283 blolorcbi,
1089 3246 1093 3251 -
1252 3270 1256 3275 ,

235 3287 310 3347 *Aut
329 3286 423 3347 Aleae
441 3288 517 3349 lucis
535 3290 609 3350 uiuo
630 3288 770 3367 Tegeaea
791 3290 948 3354 sacerdos:
1037 3329 1040 3338 =
1146 3327 1149 3331 ι
1231 3316 1239 3329 x

250 3370 352 3445 Qualis
375 3380 405 3431 et
424 3368 544 3433 Oetaeis
564 3375 688 3433 emissus
712 3374 743 3433 in
763 3382 841 3434 astra
858 3372 968 3433 favillis
1003 3393 1005 3396 ·

249 3454 363 3515 Nectar
381 3454 475 3515 adhuc
497 3466 580 3519 torva
601 3457 695 3517 laetus
714 3455 826 3517 lunone
847 3455 979 3531 bibebat,

250 3540 301 3600 Sic
322 3539 691 3618 mitisaaltufveluade
713 3550 839 3619 pectore
859 3540 1003 3618 gaudem,
1032 3589 1036 3595 .

249 3622 386 3686 Hortatur
408 3636 533 3689 mensas.
558 3624 672 3687 *Tenet
686 3624 766 3696 baec
787 3626 946 3697 wamia
966 3626 1066 3690 fratris
