<?xml version="1.0" encoding="UTF-8"?>
<!DOCTYPE html PUBLIC "-//W3C//DTD XHTML 1.0 Transitional//EN"
    "http://www.w3.org/TR/xhtml1/DTD/xhtml1-transitional.dtd">
<html xmlns="http://www.w3.org/1999/xhtml" xml:lang="en" lang="en">
 <head>
  <title>
</title>
<meta http-equiv="Content-Type" content="text/html;charset=utf-8" />
  <meta name='ocr-system' content='tesseract 3.04.00' />
  <meta name='ocr-capabilities' content='ocr_page ocr_carea ocr_par ocr_line ocrx_word'/>
</head>
<body>
  <div class='ocr_page' id='page_1' title='image "./publiuspapinius01quecgoog/publiuspapinius01quecgoog_0443.png"; bbox 0 0 2842 4300; ppageno 0'>
   <div class='ocr_carea' id='block_1_1' title="bbox 258 354 920 455">
    <p class='ocr_par' dir='ltr' id='par_1_1' title="bbox 258 354 920 455">
     <span class='ocr_line' id='line_1_1' title="bbox 258 354 920 455; baseline 0 -40"><span class='ocrx_word' id='word_1_1' title='bbox 258 354 321 417; x_wconf 74' lang='lat'>246</span> <span class='ocrx_word' id='word_1_2' title='bbox 592 366 623 414; x_wconf 81' lang='lat' dir='ltr'>o.</span> <span class='ocrx_word' id='word_1_3' title='bbox 647 364 782 455; x_wconf 70' lang='lat' dir='ltr'>sartura</span> <span class='ocrx_word' id='word_1_4' title='bbox 803 363 920 415; x_wconf 80' lang='lat' dir='ltr'>onaan</span> 
     </span>
    </p>
   </div>
   <div class='ocr_carea' id='block_1_2' title="bbox 120 520 1273 3733">
    <p class='ocr_par' dir='ltr' id='par_1_2' title="bbox 256 520 1046 771">
     <span class='ocr_line' id='line_1_2' title="bbox 257 520 1046 604; baseline -0.004 -20"><span class='ocrx_word' id='word_1_5' title='bbox 257 524 408 604; x_wconf 81' lang='lat' dir='ltr'>Inplicuit,</span> <span class='ocrx_word' id='word_1_6' title='bbox 430 522 565 601; x_wconf 75' lang='lat' dir='ltr'>frangunt</span> <span class='ocrx_word' id='word_1_7' title='bbox 584 530 684 583; x_wconf 88' lang='lat' dir='ltr'>tonsas</span> <span class='ocrx_word' id='word_1_8' title='bbox 704 529 872 601; x_wconf 85' lang='lat' dir='ltr'>mutantque</span> <span class='ocrx_word' id='word_1_9' title='bbox 892 520 1046 597; x_wconf 79' lang='lat' dir='ltr'>rudentes,</span> 
     </span>
     <span class='ocr_line' id='line_1_3' title="bbox 256 606 982 687; baseline -0.006 -18"><span class='ocrx_word' id='word_1_10' title='bbox 256 608 451 687; x_wconf 84' lang='lat' dir='ltr'>Luctataeque</span> <span class='ocrx_word' id='word_1_11' title='bbox 473 608 520 669; x_wconf 88' lang='lat' dir='ltr'>dia</span> <span class='ocrx_word' id='word_1_12' title='bbox 540 607 671 667; x_wconf 79' lang='lat' dir='ltr'>tenebris</span> <span class='ocrx_word' id='word_1_13' title='bbox 691 606 838 686; x_wconf 86' lang='lat' dir='ltr'>hiemique</span> <span class='ocrx_word' id='word_1_14' title='bbox 855 606 982 685; x_wconf 79' lang='lat' dir='ltr'>sibique,</span> 
     </span>
     <span class='ocr_line' id='line_1_4' title="bbox 257 690 1027 771; baseline -0.001 -18"><span class='ocrx_word' id='word_1_15' title='bbox 257 694 339 753; x_wconf 87' lang='lat' dir='ltr'>Siout</span> <span class='ocrx_word' id='word_1_16' title='bbox 358 702 453 768; x_wconf 88' lang='lat' dir='ltr'>erant,</span> <span class='ocrx_word' id='word_1_17' title='bbox 474 694 531 752; x_wconf 92' lang='lat' dir='ltr'>imo</span> <span class='ocrx_word' id='word_1_18' title='bbox 554 692 663 771; x_wconf 87' lang='lat' dir='ltr'>pariter</span> <span class='ocrx_word' id='word_1_19' title='bbox 682 690 790 752; x_wconf 79' lang='lat' dir='ltr'>sedero</span> <span class='ocrx_word' id='word_1_20' title='bbox 811 691 966 771; x_wconf 75' lang='lat' dir='ltr'>profundo.</span> <span class='ocrx_word' id='word_1_21' title='bbox 1021 712 1027 721; x_wconf 91' lang='lat'><strong>·</strong></span> 
     </span>
    </p>

    <p class='ocr_par' dir='ltr' id='par_1_3' title="bbox 255 776 1270 1279">
     <span class='ocr_line' id='line_1_5' title="bbox 320 776 1200 856; baseline -0.002 -18"><span class='ocrx_word' id='word_1_22' title='bbox 320 776 400 838; x_wconf 87' lang='lat' dir='ltr'>Haeo</span> <span class='ocrx_word' id='word_1_23' title='bbox 423 794 538 856; x_wconf 74' lang='lat' dir='ltr'>pugnae</span> <span class='ocrx_word' id='word_1_24' title='bbox 558 776 666 837; x_wconf 83' lang='lat' dir='ltr'>iaoies:</span> <span class='ocrx_word' id='word_1_25' title='bbox 690 785 798 837; x_wconf 86' lang='lat' dir='ltr'>ooeunt</span> <span class='ocrx_word' id='word_1_26' title='bbox 818 776 881 836; x_wconf 86' lang='lat' dir='ltr'>siue</span> <span class='ocrx_word' id='word_1_27' title='bbox 902 792 1002 853; x_wconf 82' lang='lat' dir='ltr'>more,</span> <span class='ocrx_word' id='word_1_28' title='bbox 1025 777 1095 836; x_wconf 85' lang='lat' dir='ltr'>sine</span> <span class='ocrx_word' id='word_1_29' title='bbox 1117 784 1200 852; x_wconf 79' lang='lat' dir='ltr'>arte,</span> 
     </span>
     <span class='ocr_line' id='line_1_6' title="bbox 258 862 1270 941; baseline -0.001 -18"><span class='ocrx_word' id='word_1_30' title='bbox 258 862 378 923; x_wconf 83' lang='lat' dir='ltr'>Tantum</span> <span class='ocrx_word' id='word_1_31' title='bbox 400 862 499 922; x_wconf 88' lang='lat' dir='ltr'>animis</span> <span class='ocrx_word' id='word_1_32' title='bbox 520 862 639 941; x_wconf 87' lang='lat' dir='ltr'>iraque,</span> <span class='ocrx_word' id='word_1_33' title='bbox 661 870 750 940; x_wconf 90' lang='lat' dir='ltr'>atque</span> <span class='ocrx_word' id='word_1_34' title='bbox 770 862 952 939; x_wconf 73' lang='lat' dir='ltr'>igneaoentia</span> <span class='ocrx_word' id='word_1_35' title='bbox 974 870 1103 921; x_wconf 82' lang='lat' dir='ltr'>oemunt</span> <span class='ocrx_word' id='word_1_36' title='bbox 1223 870 1270 922; x_wconf 75' lang='lat'>525</span> 
     </span>
     <span class='ocr_line' id='line_1_7' title="bbox 257 944 983 1025; baseline -0.006 -16"><span class='ocrx_word' id='word_1_37' title='bbox 257 947 314 1009; x_wconf 88' lang='lat' dir='ltr'>Per</span> <span class='ocrx_word' id='word_1_38' title='bbox 334 946 437 1025; x_wconf 78' lang='lat' dir='ltr'><strong>galeas</strong></span> <span class='ocrx_word' id='word_1_39' title='bbox 458 946 524 1007; x_wconf 88' lang='lat' dir='ltr'>odia</span> <span class='ocrx_word' id='word_1_40' title='bbox 545 954 575 1006; x_wconf 89' lang='lat' dir='ltr'>et</span> <span class='ocrx_word' id='word_1_41' title='bbox 596 944 692 1006; x_wconf 77' lang='lat' dir='ltr'>vultus</span> <span class='ocrx_word' id='word_1_42' title='bbox 713 948 851 1007; x_wconf 87' lang='lat' dir='ltr'>rimantur</span> <span class='ocrx_word' id='word_1_43' title='bbox 871 944 983 1006; x_wconf 86' lang='lat' dir='ltr'>aoerho</span> 
     </span>
     <span class='ocr_line' id='line_1_8' title="bbox 256 1030 993 1106; baseline -0.004 -14"><span class='ocrx_word' id='word_1_44' title='bbox 256 1031 390 1100; x_wconf 84' lang='lat' dir='ltr'>Lumine;</span> <span class='ocrx_word' id='word_1_45' title='bbox 411 1030 451 1091; x_wconf 90' lang='lat' dir='ltr'>nil</span> <span class='ocrx_word' id='word_1_46' title='bbox 471 1030 546 1091; x_wconf 87' lang='lat' dir='ltr'>adeo</span> <span class='ocrx_word' id='word_1_47' title='bbox 568 1030 833 1106; x_wconf 68' lang='lat' dir='ltr'>mediaetatem,</span> <span class='ocrx_word' id='word_1_48' title='bbox 853 1038 884 1091; x_wconf 91' lang='lat' dir='ltr'>et</span> <span class='ocrx_word' id='word_1_49' title='bbox 904 1046 993 1090; x_wconf 86' lang='lat' dir='ltr'>enses</span> 
     </span>
     <span class='ocr_line' id='line_1_9' title="bbox 255 1115 967 1195; baseline -0.004 -18"><span class='ocrx_word' id='word_1_50' title='bbox 255 1115 381 1195; x_wconf 89' lang='lat' dir='ltr'>Inplieiti</span> <span class='ocrx_word' id='word_1_51' title='bbox 401 1132 553 1195; x_wconf 83' lang='lat' dir='ltr'>nexaeque</span> <span class='ocrx_word' id='word_1_52' title='bbox 572 1132 672 1176; x_wconf 88' lang='lat' dir='ltr'>manns</span> <span class='ocrx_word' id='word_1_53' title='bbox 695 1115 867 1195; x_wconf 86' lang='lat' dir='ltr'>alternaque</span> <span class='ocrx_word' id='word_1_54' title='bbox 885 1115 967 1175; x_wconf 81' lang='lat' dir='ltr'>saeui</span> 
     </span>
     <span class='ocr_line' id='line_1_10' title="bbox 255 1197 1074 1279; baseline -0.004 -18"><span class='ocrx_word' id='word_1_55' title='bbox 255 1199 416 1276; x_wconf 82' lang='lat' dir='ltr'>Murmura,</span> <span class='ocrx_word' id='word_1_56' title='bbox 440 1218 495 1261; x_wconf 90' lang='lat' dir='ltr'>eeu</span> <span class='ocrx_word' id='word_1_57' title='bbox 516 1200 603 1259; x_wconf 88' lang='lat' dir='ltr'>iituos</span> <span class='ocrx_word' id='word_1_58' title='bbox 622 1200 738 1279; x_wconf 90' lang='lat' dir='ltr'>rapiant</span> <span class='ocrx_word' id='word_1_59' title='bbox 758 1208 809 1259; x_wconf 92' lang='lat' dir='ltr'>aut</span> <span class='ocrx_word' id='word_1_60' title='bbox 829 1201 912 1277; x_wconf 73' lang='lat' dir='ltr'>signa</span> <span class='ocrx_word' id='word_1_61' title='bbox 931 1197 1074 1259; x_wconf 85' lang='lat' dir='ltr'>tubarum.</span> 
     </span>
    </p>

    <p class='ocr_par' dir='ltr' id='par_1_4' title="bbox 120 1284 1273 3647">
     <span class='ocr_line' id='line_1_11' title="bbox 255 1284 1272 1365; baseline 0.001 -19"><span class='ocrx_word' id='word_1_62' title='bbox 255 1284 422 1346; x_wconf 85' lang='lat' dir='ltr'>Fulmineos</span> <span class='ocrx_word' id='word_1_63' title='bbox 443 1284 533 1345; x_wconf 84' lang='lat' dir='ltr'>veluti</span> <span class='ocrx_word' id='word_1_64' title='bbox 553 1300 699 1365; x_wconf 86' lang='lat' dir='ltr'>praeeeps</span> <span class='ocrx_word' id='word_1_65' title='bbox 720 1302 806 1365; x_wconf 89' lang='lat' dir='ltr'>quum</span> <span class='ocrx_word' id='word_1_66' title='bbox 826 1285 956 1345; x_wconf 87' lang='lat' dir='ltr'>eominus</span> <span class='ocrx_word' id='word_1_67' title='bbox 977 1286 1040 1361; x_wconf 74' lang='lat' dir='ltr'>egit</span> <span class='ocrx_word' id='word_1_68' title='bbox 1222 1293 1272 1347; x_wconf 75' lang='grc'>555</span> 
     </span>
     <span class='ocr_line' id='line_1_12' title="bbox 255 1369 945 1448; baseline -0.004 -17"><span class='ocrx_word' id='word_1_69' title='bbox 255 1370 302 1432; x_wconf 92' lang='lat' dir='ltr'>lra</span> <span class='ocrx_word' id='word_1_70' title='bbox 324 1388 392 1430; x_wconf 91' lang='lat' dir='ltr'>sues</span> <span class='ocrx_word' id='word_1_71' title='bbox 413 1370 577 1447; x_wconf 87' lang='lat' dir='ltr'>strietisque</span> <span class='ocrx_word' id='word_1_72' title='bbox 600 1370 695 1431; x_wconf 81' lang='lat' dir='ltr'>erexit</span> <span class='ocrx_word' id='word_1_73' title='bbox 712 1378 836 1448; x_wconf 87' lang='lat' dir='ltr'>peotora</span> <span class='ocrx_word' id='word_1_74' title='bbox 857 1369 945 1437; x_wconf 63' lang='lat' dir='ltr'>setin</span> 
     </span>
     <span class='ocr_line' id='line_1_13' title="bbox 255 1451 1021 1534; baseline -0.007 -18"><span class='ocrx_word' id='word_1_75' title='bbox 255 1454 327 1532; x_wconf 79' lang='lat' dir='ltr'>igne</span> <span class='ocrx_word' id='word_1_76' title='bbox 348 1462 471 1515; x_wconf 90' lang='lat' dir='ltr'>tremunt</span> <span class='ocrx_word' id='word_1_77' title='bbox 492 1453 585 1529; x_wconf 83' lang='lat' dir='ltr'>oculi,</span> <span class='ocrx_word' id='word_1_78' title='bbox 608 1454 764 1534; x_wconf 88' lang='lat' dir='ltr'>lunataque</span> <span class='ocrx_word' id='word_1_79' title='bbox 784 1451 920 1515; x_wconf 83' lang='lat' dir='ltr'>dentibus</span> <span class='ocrx_word' id='word_1_80' title='bbox 937 1451 1021 1513; x_wconf 70' lang='lat' dir='ltr'>unda</span> 
     </span>
     <span class='ocr_line' id='line_1_14' title="bbox 257 1537 1059 1618; baseline -0.002 -20"><span class='ocrx_word' id='word_1_81' title='bbox 257 1537 315 1599; x_wconf 90' lang='lat' dir='ltr'>Ora</span> <span class='ocrx_word' id='word_1_82' title='bbox 335 1548 453 1607; x_wconf 89' lang='lat' dir='ltr'>sonaut;</span> <span class='ocrx_word' id='word_1_83' title='bbox 476 1546 591 1616; x_wconf 78' lang='lat' dir='ltr'>spectat</span> <span class='ocrx_word' id='word_1_84' title='bbox 611 1556 725 1616; x_wconf 74' lang='lat' dir='ltr'>pugnas</span> <span class='ocrx_word' id='word_1_85' title='bbox 746 1538 784 1599; x_wconf 88' lang='lat' dir='ltr'>de</span> <span class='ocrx_word' id='word_1_86' title='bbox 803 1554 878 1618; x_wconf 85' lang='lat' dir='ltr'>rupe</span> <span class='ocrx_word' id='word_1_87' title='bbox 894 1538 1059 1617; x_wconf 87' lang='lat' dir='ltr'>propinqua</span> 
     </span>
     <span class='ocr_line' id='line_1_15' title="bbox 256 1622 990 1702; baseline -0.003 -19"><span class='ocrx_word' id='word_1_88' title='bbox 256 1623 387 1685; x_wconf 80' lang='lat' dir='ltr'>Venator</span> <span class='ocrx_word' id='word_1_89' title='bbox 408 1623 522 1702; x_wconf 90' lang='lat' dir='ltr'>pallens</span> <span class='ocrx_word' id='word_1_90' title='bbox 544 1622 724 1701; x_wconf 85' lang='lat' dir='ltr'>nauibusque</span> <span class='ocrx_word' id='word_1_91' title='bbox 741 1622 856 1683; x_wconf 88' lang='lat' dir='ltr'>silentia</span> <span class='ocrx_word' id='word_1_92' title='bbox 877 1622 990 1685; x_wconf 74' lang='lat' dir='ltr'>suadet.</span> 
     </span>
     <span class='ocr_line' id='line_1_16' title="bbox 258 1707 1272 1775; baseline -0.003 -8"><span class='ocrx_word' id='word_1_93' title='bbox 258 1708 308 1767; x_wconf 88' lang='lat' dir='ltr'>Sic</span> <span class='ocrx_word' id='word_1_94' title='bbox 330 1707 407 1768; x_wconf 84' lang='lat' dir='ltr'>avidi</span> <span class='ocrx_word' id='word_1_95' title='bbox 428 1709 589 1775; x_wconf 78' lang='lat' dir='ltr'>incurrunt;</span> <span class='ocrx_word' id='word_1_96' title='bbox 612 1708 737 1768; x_wconf 81' lang='lat' dir='ltr'>necdum</span> <span class='ocrx_word' id='word_1_97' title='bbox 757 1707 856 1768; x_wconf 86' lang='lat' dir='ltr'>letalia</span> <span class='ocrx_word' id='word_1_98' title='bbox 876 1708 1000 1766; x_wconf 83' lang='lat' dir='ltr'>miseent</span> <span class='ocrx_word' id='word_1_99' title='bbox 1221 1717 1272 1771; x_wconf 77' lang='lat'>535</span> 
     </span>
     <span class='ocr_line' id='line_1_17' title="bbox 256 1790 1137 1870; baseline -0.003 -18"><span class='ocrx_word' id='word_1_100' title='bbox 256 1790 401 1869; x_wconf 87' lang='lat' dir='ltr'>Vulnera,</span> <span class='ocrx_word' id='word_1_101' title='bbox 424 1792 478 1853; x_wconf 89' lang='lat' dir='ltr'>sed</span> <span class='ocrx_word' id='word_1_102' title='bbox 500 1800 622 1870; x_wconf 75' lang='lat' dir='ltr'>coeptus</span> <span class='ocrx_word' id='word_1_103' title='bbox 644 1792 762 1870; x_wconf 81' lang='lat' dir='ltr'>sanguis</span> <span class='ocrx_word' id='word_1_104' title='bbox 780 1792 952 1870; x_wconf 69' lang='lat' dir='ltr'>facinusque</span> <span class='ocrx_word' id='word_1_105' title='bbox 971 1800 1137 1870; x_wconf 71' lang='lat' dir='ltr'>peractum.</span> 
     </span>
     <span class='ocr_line' id='line_1_18' title="bbox 256 1874 1146 1957; baseline -0.003 -18"><span class='ocrx_word' id='word_1_106' title='bbox 256 1876 320 1939; x_wconf 84' lang='lat' dir='ltr'>Neo</span> <span class='ocrx_word' id='word_1_107' title='bbox 339 1878 395 1938; x_wconf 84' lang='lat' dir='ltr'>iarn</span> <span class='ocrx_word' id='word_1_108' title='bbox 414 1894 488 1957; x_wconf 94' lang='lat' dir='ltr'>opus</span> <span class='ocrx_word' id='word_1_109' title='bbox 507 1885 553 1937; x_wconf 90' lang='lat' dir='ltr'>est</span> <span class='ocrx_word' id='word_1_110' title='bbox 571 1876 667 1945; x_wconf 86' lang='lat' dir='ltr'>iuriis;</span> <span class='ocrx_word' id='word_1_111' title='bbox 690 1885 798 1937; x_wconf 89' lang='lat' dir='ltr'>tantum</span> <span class='ocrx_word' id='word_1_112' title='bbox 820 1878 957 1937; x_wconf 82' lang='lat' dir='ltr'>mirantur</span> <span class='ocrx_word' id='word_1_113' title='bbox 979 1883 1009 1935; x_wconf 86' lang='lat' dir='ltr'>et</span> <span class='ocrx_word' id='word_1_114' title='bbox 1026 1874 1146 1936; x_wconf 81' lang='lat' dir='ltr'>adstant</span> 
     </span>
     <span class='ocr_line' id='line_1_19' title="bbox 256 1959 1133 2040; baseline -0.002 -18"><span class='ocrx_word' id='word_1_115' title='bbox 256 1961 435 2038; x_wconf 64' lang='lat' dir='ltr'>Laudantem,</span> <span class='ocrx_word' id='word_1_116' title='bbox 456 1962 659 2040; x_wconf 83' lang='lat' dir='ltr'>hominumque</span> <span class='ocrx_word' id='word_1_117' title='bbox 680 1961 782 2022; x_wconf 83' lang='lat' dir='ltr'>dotent</span> <span class='ocrx_word' id='word_1_118' title='bbox 802 1961 868 2040; x_wconf 84' lang='lat' dir='ltr'>pius</span> <span class='ocrx_word' id='word_1_119' title='bbox 890 1978 982 2040; x_wconf 84' lang='lat' dir='ltr'>posse</span> <span class='ocrx_word' id='word_1_120' title='bbox 1002 1959 1133 2020; x_wconf 81' lang='lat' dir='ltr'>furores.</span> 
     </span>
     <span class='ocr_line' id='line_1_20' title="bbox 255 2045 1097 2126; baseline -0.005 -19"><span class='ocrx_word' id='word_1_121' title='bbox 255 2045 366 2107; x_wconf 75' lang='lat' dir='ltr'>Fratris</span> <span class='ocrx_word' id='word_1_122' title='bbox 386 2055 509 2126; x_wconf 88' lang='lat' dir='ltr'>uterque</span> <span class='ocrx_word' id='word_1_123' title='bbox 530 2046 630 2106; x_wconf 83' lang='lat' dir='ltr'>furens</span> <span class='ocrx_word' id='word_1_124' title='bbox 653 2047 735 2125; x_wconf 84' lang='lat' dir='ltr'>eupit</span> <span class='ocrx_word' id='word_1_125' title='bbox 754 2046 931 2124; x_wconf 84' lang='lat' dir='ltr'>aiiaotatque</span> <span class='ocrx_word' id='word_1_126' title='bbox 951 2060 1097 2120; x_wconf 84' lang='lat' dir='ltr'>eruorem,</span> 
     </span>
     <span class='ocr_line' id='line_1_21' title="bbox 255 2129 1273 2204; baseline -0.003 -12"><span class='ocrx_word' id='word_1_127' title='bbox 255 2130 294 2192; x_wconf 87' lang='lat' dir='ltr'>Et</span> <span class='ocrx_word' id='word_1_128' title='bbox 311 2132 406 2192; x_wconf 83' lang='lat' dir='ltr'>nescit</span> <span class='ocrx_word' id='word_1_129' title='bbox 425 2148 541 2194; x_wconf 89' lang='lat' dir='ltr'>manare</span> <span class='ocrx_word' id='word_1_130' title='bbox 563 2148 658 2199; x_wconf 88' lang='lat' dir='ltr'>suum;</span> <span class='ocrx_word' id='word_1_131' title='bbox 680 2130 797 2192; x_wconf 77' lang='lat' dir='ltr'>tandem</span> <span class='ocrx_word' id='word_1_132' title='bbox 814 2132 900 2192; x_wconf 80' lang='lat' dir='ltr'>inruit</span> <span class='ocrx_word' id='word_1_133' title='bbox 921 2129 1001 2204; x_wconf 77' lang='lat' dir='ltr'>exui,</span> <span class='ocrx_word' id='word_1_134' title='bbox 1219 2141 1273 2197; x_wconf 72' lang='lat'>540</span> 
     </span>
     <span class='ocr_line' id='line_1_22' title="bbox 256 2216 1022 2296; baseline -0.004 -19"><span class='ocrx_word' id='word_1_135' title='bbox 256 2216 452 2296; x_wconf 84' lang='lat' dir='ltr'>Hortatusque</span> <span class='ocrx_word' id='word_1_136' title='bbox 473 2233 601 2292; x_wconf 87' lang='lat' dir='ltr'>manum,</span> <span class='ocrx_word' id='word_1_137' title='bbox 624 2217 671 2276; x_wconf 91' lang='lat' dir='ltr'>oui</span> <span class='ocrx_word' id='word_1_138' title='bbox 689 2216 795 2276; x_wconf 79' lang='lat' dir='ltr'>fortior</span> <span class='ocrx_word' id='word_1_139' title='bbox 815 2218 858 2276; x_wconf 89' lang='lat' dir='ltr'>ira</span> <span class='ocrx_word' id='word_1_140' title='bbox 879 2216 1022 2294; x_wconf 81' lang='lat' dir='ltr'>nefasque</span> 
     </span>
     <span class='ocr_line' id='line_1_23' title="bbox 256 2300 1071 2380; baseline -0.005 -18"><span class='ocrx_word' id='word_1_141' title='bbox 256 2300 380 2378; x_wconf 84' lang='lat' dir='ltr'>Iustius,</span> <span class='ocrx_word' id='word_1_142' title='bbox 402 2301 460 2361; x_wconf 88' lang='lat' dir='ltr'>alte</span> <span class='ocrx_word' id='word_1_143' title='bbox 483 2317 584 2362; x_wconf 86' lang='lat' dir='ltr'>ensem</span> <span class='ocrx_word' id='word_1_144' title='bbox 603 2303 734 2378; x_wconf 83' lang='lat' dir='ltr'>germani</span> <span class='ocrx_word' id='word_1_145' title='bbox 754 2303 784 2361; x_wconf 92' lang='lat' dir='ltr'>in</span> <span class='ocrx_word' id='word_1_146' title='bbox 805 2317 932 2379; x_wconf 79' lang='lat' dir='ltr'>corpore</span> <span class='ocrx_word' id='word_1_147' title='bbox 952 2300 1071 2380; x_wconf 79' lang='lat' dir='ltr'>pressit,</span> 
     </span>
     <span class='ocr_line' id='line_1_24' title="bbox 258 2384 1085 2464; baseline -0.002 -18"><span class='ocrx_word' id='word_1_148' title='bbox 258 2384 322 2459; x_wconf 78' lang='lat' dir='ltr'>Qua</span> <span class='ocrx_word' id='word_1_149' title='bbox 343 2385 418 2446; x_wconf 90' lang='lat' dir='ltr'>male</span> <span class='ocrx_word' id='word_1_150' title='bbox 440 2386 495 2446; x_wconf 90' lang='lat' dir='ltr'>iam</span> <span class='ocrx_word' id='word_1_151' title='bbox 517 2385 621 2464; x_wconf 89' lang='lat' dir='ltr'>plumis</span> <span class='ocrx_word' id='word_1_152' title='bbox 645 2386 719 2444; x_wconf 89' lang='lat' dir='ltr'>imus</span> <span class='ocrx_word' id='word_1_153' title='bbox 740 2386 815 2463; x_wconf 75' lang='lat' dir='ltr'>tegit</span> <span class='ocrx_word' id='word_1_154' title='bbox 836 2387 952 2463; x_wconf 76' lang='lat' dir='ltr'>inguina</span> <span class='ocrx_word' id='word_1_155' title='bbox 971 2385 1085 2445; x_wconf 80' lang='lat' dir='ltr'>thorax.</span> 
     </span>
     <span class='ocr_line' id='line_1_25' title="bbox 256 2469 1011 2549; baseline 0 -19"><span class='ocrx_word' id='word_1_156' title='bbox 256 2469 310 2530; x_wconf 93' lang='lat' dir='ltr'>llle</span> <span class='ocrx_word' id='word_1_157' title='bbox 333 2470 436 2530; x_wconf 89' lang='lat' dir='ltr'>dolens</span> <span class='ocrx_word' id='word_1_158' title='bbox 455 2469 596 2545; x_wconf 83' lang='lat' dir='ltr'>nondum,</span> <span class='ocrx_word' id='word_1_159' title='bbox 619 2470 673 2529; x_wconf 86' lang='lat' dir='ltr'>aad</span> <span class='ocrx_word' id='word_1_160' title='bbox 693 2470 764 2530; x_wconf 78' lang='lat' dir='ltr'>ferri</span> <span class='ocrx_word' id='word_1_161' title='bbox 784 2471 897 2548; x_wconf 73' lang='lat' dir='ltr'>frigore</span> <span class='ocrx_word' id='word_1_162' title='bbox 918 2469 1011 2549; x_wconf 85' lang='lat' dir='ltr'>primo</span> 
     </span>
     <span class='ocr_line' id='line_1_26' title="bbox 257 2553 981 2633; baseline 0 -19"><span class='ocrx_word' id='word_1_163' title='bbox 257 2553 388 2614; x_wconf 84' lang='lat' dir='ltr'>Territus</span> <span class='ocrx_word' id='word_1_164' title='bbox 409 2557 438 2614; x_wconf 94' lang='lat' dir='ltr'>in</span> <span class='ocrx_word' id='word_1_165' title='bbox 460 2553 586 2633; x_wconf 85' lang='lat' dir='ltr'>elipeum</span> <span class='ocrx_word' id='word_1_166' title='bbox 607 2553 739 2614; x_wconf 91' lang='lat' dir='ltr'>turbatos</span> <span class='ocrx_word' id='word_1_167' title='bbox 758 2555 871 2633; x_wconf 75' lang='lat' dir='ltr'>ooiiigit</span> <span class='ocrx_word' id='word_1_168' title='bbox 891 2564 981 2630; x_wconf 84' lang='lat' dir='ltr'>artus,</span> 
     </span>
     <span class='ocr_line' id='line_1_27' title="bbox 256 2637 1033 2718; baseline 0.001 -20"><span class='ocrx_word' id='word_1_169' title='bbox 256 2637 327 2699; x_wconf 78' lang='lat' dir='ltr'>Mor</span> <span class='ocrx_word' id='word_1_170' title='bbox 347 2639 499 2701; x_wconf 83' lang='lat' dir='ltr'>intellecto</span> <span class='ocrx_word' id='word_1_171' title='bbox 520 2639 612 2717; x_wconf 77' lang='lat' dir='ltr'>magis</span> <span class='ocrx_word' id='word_1_172' title='bbox 633 2655 669 2699; x_wconf 90' lang='lat' dir='ltr'>ao</span> <span class='ocrx_word' id='word_1_173' title='bbox 690 2641 784 2718; x_wconf 74' lang='lat' dir='ltr'>magis</span> <span class='ocrx_word' id='word_1_174' title='bbox 803 2657 895 2717; x_wconf 79' lang='lat' dir='ltr'>aeger</span> <span class='ocrx_word' id='word_1_175' title='bbox 915 2639 1033 2699; x_wconf 80' lang='lat' dir='ltr'>anhelat</span> 
     </span>
     <span class='ocr_line' id='line_1_28' title="bbox 256 2723 1124 2804; baseline -0.001 -21"><span class='ocrx_word' id='word_1_176' title='bbox 256 2723 402 2802; x_wconf 80' lang='lat' dir='ltr'>Vulnere,</span> <span class='ocrx_word' id='word_1_177' title='bbox 428 2743 485 2784; x_wconf 89' lang='lat' dir='ltr'>neo</span> <span class='ocrx_word' id='word_1_178' title='bbox 504 2726 598 2804; x_wconf 90' lang='lat' dir='ltr'>paroit</span> <span class='ocrx_word' id='word_1_179' title='bbox 621 2725 738 2785; x_wconf 76' lang='lat' dir='ltr'>sedenti</span> <span class='ocrx_word' id='word_1_180' title='bbox 755 2734 843 2804; x_wconf 89' lang='lat' dir='ltr'>atque</span> <span class='ocrx_word' id='word_1_181' title='bbox 862 2725 994 2803; x_wconf 86' lang='lat' dir='ltr'>inorepat</span> <span class='ocrx_word' id='word_1_182' title='bbox 1014 2723 1124 2784; x_wconf 86' lang='lat' dir='ltr'>hostis:</span> 
     </span>
     <span class='ocr_line' id='line_1_29' title="bbox 190 2806 1150 2887; baseline -0.001 -18"><span class='ocrx_word' id='word_1_183' title='bbox 190 2845 192 2850; x_wconf 94' lang='lat'>·</span> <span class='ocrx_word' id='word_1_184' title='bbox 257 2807 341 2884; x_wconf 80' lang='lat' dir='ltr'>‘Quo</span> <span class='ocrx_word' id='word_1_185' title='bbox 363 2809 504 2887; x_wconf 86' lang='lat' dir='ltr'>retrahis,</span> <span class='ocrx_word' id='word_1_186' title='bbox 527 2825 680 2886; x_wconf 82' lang='lat' dir='ltr'>germane,</span> <span class='ocrx_word' id='word_1_187' title='bbox 701 2806 833 2887; x_wconf 62' lang='lat' dir='ltr'>graduss</span> <span class='ocrx_word' id='word_1_188' title='bbox 854 2825 873 2868; x_wconf 96' lang='lat' dir='ltr'>o</span> <span class='ocrx_word' id='word_1_189' title='bbox 892 2807 1026 2886; x_wconf 68' lang='lat' dir='ltr'>languida</span> <span class='ocrx_word' id='word_1_190' title='bbox 1044 2825 1150 2868; x_wconf 87' lang='lat' dir='ltr'>somno</span> 
     </span>
     <span class='ocr_line' id='line_1_30' title="bbox 256 2891 1019 2973; baseline 0 -19"><span class='ocrx_word' id='word_1_191' title='bbox 256 2891 295 2954; x_wconf 88' lang='lat' dir='ltr'>Et</span> <span class='ocrx_word' id='word_1_192' title='bbox 317 2896 417 2972; x_wconf 85' lang='lat' dir='ltr'>regnis</span> <span class='ocrx_word' id='word_1_193' title='bbox 441 2893 549 2954; x_wconf 80' lang='lat' dir='ltr'>effoeta</span> <span class='ocrx_word' id='word_1_194' title='bbox 572 2894 655 2972; x_wconf 86' lang='lat' dir='ltr'>quies</span> <span class='ocrx_word' id='word_1_195' title='bbox 675 2894 823 2973; x_wconf 74' lang='lat' dir='ltr'>longaque</span> <span class='ocrx_word' id='word_1_196' title='bbox 844 2893 898 2953; x_wconf 85' lang='lat' dir='ltr'>auh</span> <span class='ocrx_word' id='word_1_197' title='bbox 920 2892 1019 2954; x_wconf 87' lang='lat' dir='ltr'>umbra</span> 
     </span>
     <span class='ocr_line' id='line_1_31' title="bbox 256 2977 1270 3056; baseline 0.005 -17"><span class='ocrx_word' id='word_1_198' title='bbox 256 2977 395 3056; x_wconf 84' lang='lat' dir='ltr'>imperia!</span> <span class='ocrx_word' id='word_1_199' title='bbox 420 2978 508 3038; x_wconf 85' lang='lat' dir='ltr'>exilio</span> <span class='ocrx_word' id='word_1_200' title='bbox 529 2977 675 3056; x_wconf 88' lang='lat' dir='ltr'>rebusque</span> <span class='ocrx_word' id='word_1_201' title='bbox 697 2980 828 3039; x_wconf 83' lang='lat' dir='ltr'>exeroita</span> <span class='ocrx_word' id='word_1_202' title='bbox 850 2979 953 3056; x_wconf 74' lang='lat' dir='ltr'>egenis</span> <span class='ocrx_word' id='word_1_203' title='bbox 1213 2991 1270 3044; x_wconf 79' lang='grc'>550</span> 
     </span>
     <span class='ocr_line' id='line_1_32' title="bbox 256 3061 1108 3142; baseline 0 -20"><span class='ocrx_word' id='word_1_204' title='bbox 256 3062 386 3123; x_wconf 84' lang='lat' dir='ltr'>Membra</span> <span class='ocrx_word' id='word_1_205' title='bbox 407 3063 505 3131; x_wconf 83' lang='lat' dir='ltr'>vides;</span> <span class='ocrx_word' id='word_1_206' title='bbox 529 3061 610 3122; x_wconf 87' lang='lat' dir='ltr'>disee</span> <span class='ocrx_word' id='word_1_207' title='bbox 632 3081 710 3124; x_wconf 88' lang='lat' dir='ltr'>arma</span> <span class='ocrx_word' id='word_1_208' title='bbox 731 3064 791 3142; x_wconf 92' lang='lat' dir='ltr'>pati</span> <span class='ocrx_word' id='word_1_209' title='bbox 811 3081 869 3123; x_wconf 90' lang='lat' dir='ltr'>neo</span> <span class='ocrx_word' id='word_1_210' title='bbox 889 3064 980 3123; x_wconf 84' lang='lat' dir='ltr'>iidere</span> <span class='ocrx_word' id='word_1_211' title='bbox 999 3061 1108 3122; x_wconf 66' lang='lat' dir='ltr'>laetis?</span> 
     </span>
     <span class='ocr_line' id='line_1_33' title="bbox 322 3146 1057 3226; baseline -0.003 -20"><span class='ocrx_word' id='word_1_212' title='bbox 322 3148 372 3206; x_wconf 89' lang='lat' dir='ltr'>Sio</span> <span class='ocrx_word' id='word_1_213' title='bbox 395 3155 523 3226; x_wconf 79' lang='lat' dir='ltr'>pugnant</span> <span class='ocrx_word' id='word_1_214' title='bbox 543 3148 658 3216; x_wconf 63' lang='lat' dir='ltr'>mineth</span> <span class='ocrx_word' id='word_1_215' title='bbox 681 3147 812 3209; x_wconf 85' lang='lat' dir='ltr'>restabat</span> <span class='ocrx_word' id='word_1_216' title='bbox 832 3148 911 3208; x_wconf 86' lang='lat' dir='ltr'>lassa</span> <span class='ocrx_word' id='word_1_217' title='bbox 930 3146 1057 3208; x_wconf 81' lang='lat' dir='ltr'>nefando</span> 
     </span>
     <span class='ocr_line' id='line_1_34' title="bbox 258 3231 1135 3311; baseline -0.002 -19"><span class='ocrx_word' id='word_1_218' title='bbox 258 3231 325 3292; x_wconf 83' lang='lat' dir='ltr'>Vita</span> <span class='ocrx_word' id='word_1_219' title='bbox 347 3231 412 3292; x_wconf 89' lang='lat' dir='ltr'>duoi</span> <span class='ocrx_word' id='word_1_220' title='bbox 434 3249 619 3310; x_wconf 88' lang='lat' dir='ltr'>summusque</span> <span class='ocrx_word' id='word_1_221' title='bbox 638 3247 741 3308; x_wconf 87' lang='lat' dir='ltr'>eruor,</span> <span class='ocrx_word' id='word_1_222' title='bbox 764 3241 957 3311; x_wconf 87' lang='lat' dir='ltr'>poterantque</span> <span class='ocrx_word' id='word_1_223' title='bbox 976 3247 1135 3310; x_wconf 84' lang='lat' dir='ltr'>parumper</span> 
     </span>
     <span class='ocr_line' id='line_1_35' title="bbox 257 3315 1164 3395; baseline 0 -18"><span class='ocrx_word' id='word_1_224' title='bbox 257 3317 342 3378; x_wconf 88' lang='lat' dir='ltr'>Stare</span> <span class='ocrx_word' id='word_1_225' title='bbox 361 3316 485 3394; x_wconf 58' lang='lat' dir='ltr'>gradum</span> <span class='ocrx_word' id='word_1_226' title='bbox 508 3315 562 3376; x_wconf 88' lang='lat' dir='ltr'>sed</span> <span class='ocrx_word' id='word_1_227' title='bbox 583 3325 689 3394; x_wconf 83' lang='lat' dir='ltr'>sponte</span> <span class='ocrx_word' id='word_1_228' title='bbox 709 3319 767 3378; x_wconf 90' lang='lat' dir='ltr'>ruit</span> <span class='ocrx_word' id='word_1_229' title='bbox 787 3316 978 3395; x_wconf 80' lang='lat' dir='ltr'>fraudemque</span> <span class='ocrx_word' id='word_1_230' title='bbox 998 3333 1164 3395; x_wconf 82' lang='lat' dir='ltr'>supremam</span> 
     </span>
     <span class='ocr_line' id='line_1_36' title="bbox 120 3399 1263 3479; baseline 0.002 -19"><span class='ocrx_word' id='word_1_231' title='bbox 120 3415 122 3468; x_wconf 81' lang='grc' dir='ltr'>ζ</span> <span class='ocrx_word' id='word_1_232' title='bbox 256 3399 289 3460; x_wconf 91' lang='lat' dir='ltr'>ln</span> <span class='ocrx_word' id='word_1_233' title='bbox 308 3401 403 3462; x_wconf 88' lang='lat' dir='ltr'>media</span> <span class='ocrx_word' id='word_1_234' title='bbox 421 3401 477 3461; x_wconf 90' lang='lat' dir='ltr'>iarn</span> <span class='ocrx_word' id='word_1_235' title='bbox 494 3409 588 3461; x_wconf 90' lang='lat' dir='ltr'>morte</span> <span class='ocrx_word' id='word_1_236' title='bbox 605 3407 701 3479; x_wconf 86' lang='lat' dir='ltr'>parat;</span> <span class='ocrx_word' id='word_1_237' title='bbox 725 3401 854 3463; x_wconf 84' lang='lat' dir='ltr'>elamore</span> <span class='ocrx_word' id='word_1_238' title='bbox 876 3399 1034 3462; x_wconf 83' lang='lat' dir='ltr'>Cithaeron</span> <span class='ocrx_word' id='word_1_239' title='bbox 1208 3409 1263 3465; x_wconf 81' lang='grc'>555</span> 
     </span>
     <span class='ocr_line' id='line_1_37' title="bbox 120 3483 925 3565; baseline 0.004 -21"><span class='ocrx_word' id='word_1_240' title='bbox 120 3493 123 3560; x_wconf 57' lang='grc' dir='ltr'>ξ</span> <span class='ocrx_word' id='word_1_241' title='bbox 256 3483 402 3565; x_wconf 83' lang='lat' dir='ltr'>Erigitur,</span> <span class='ocrx_word' id='word_1_242' title='bbox 424 3485 573 3564; x_wconf 83' lang='lat' dir='ltr'>fraterque</span> <span class='ocrx_word' id='word_1_243' title='bbox 591 3494 671 3545; x_wconf 87' lang='lat' dir='ltr'>ratus</span> <span class='ocrx_word' id='word_1_244' title='bbox 688 3487 799 3547; x_wconf 85' lang='lat' dir='ltr'>vioiaso</span> <span class='ocrx_word' id='word_1_245' title='bbox 815 3487 925 3547; x_wconf 81' lang='lat' dir='ltr'>levavit</span> 
     </span>
     <span class='ocr_line' id='line_1_38' title="bbox 121 3569 1131 3647; baseline 0.002 -19"><span class='ocrx_word' id='word_1_246' title='bbox 121 3571 124 3598; x_wconf 44' lang='grc' dir='ltr'>ἰ</span> <span class='ocrx_word' id='word_1_247' title='bbox 257 3569 304 3630; x_wconf 79' lang='lat' dir='ltr'>ad</span> <span class='ocrx_word' id='word_1_248' title='bbox 325 3569 440 3630; x_wconf 86' lang='lat' dir='ltr'>eoelum</span> <span class='ocrx_word' id='word_1_249' title='bbox 458 3569 579 3647; x_wconf 89' lang='lat' dir='ltr'>palmas.</span> <span class='ocrx_word' id='word_1_250' title='bbox 624 3569 724 3630; x_wconf 70' lang='lat' dir='ltr'>‘Bene</span> <span class='ocrx_word' id='word_1_251' title='bbox 744 3571 846 3639; x_wconf 82' lang='lat' dir='ltr'>hahet3</span> <span class='ocrx_word' id='word_1_252' title='bbox 868 3587 927 3631; x_wconf 88' lang='lat' dir='ltr'>non</span> <span class='ocrx_word' id='word_1_253' title='bbox 946 3570 1030 3630; x_wconf 89' lang='lat' dir='ltr'>inrita</span> <span class='ocrx_word' id='word_1_254' title='bbox 1050 3572 1131 3645; x_wconf 80' lang='lat' dir='ltr'>vovi,</span> 
     </span>
    </p>

    <p class='ocr_par' dir='ltr' id='par_1_5' title="bbox 259 3650 1026 3733">
     <span class='ocr_line' id='line_1_39' title="bbox 259 3650 1026 3733; baseline 0 -20"><span class='ocrx_word' id='word_1_255' title='bbox 259 3650 356 3713; x_wconf 81' lang='lat' dir='ltr'>Cerno</span> <span class='ocrx_word' id='word_1_256' title='bbox 378 3671 485 3730; x_wconf 77' lang='lat' dir='ltr'>graves</span> <span class='ocrx_word' id='word_1_257' title='bbox 507 3653 609 3714; x_wconf 89' lang='lat' dir='ltr'>oeulos</span> <span class='ocrx_word' id='word_1_258' title='bbox 631 3663 719 3733; x_wconf 87' lang='lat' dir='ltr'>atque</span> <span class='ocrx_word' id='word_1_259' title='bbox 739 3672 790 3715; x_wconf 90' lang='lat' dir='ltr'>ora</span> <span class='ocrx_word' id='word_1_260' title='bbox 810 3657 935 3717; x_wconf 85' lang='lat' dir='ltr'>natantia</span> <span class='ocrx_word' id='word_1_261' title='bbox 955 3655 1026 3715; x_wconf 89' lang='lat' dir='ltr'>leto.</span> 
     </span>
    </p>
   </div>
   <div class='ocr_carea' id='block_1_3' title="bbox 0 0 1426 4300">
    <p class='ocr_par' dir='ltr' id='par_1_6' title="bbox 0 0 1426 4300">
     <span class='ocr_line' id='line_1_40' title="bbox 0 0 1426 4300; baseline 0 0"><span class='ocrx_word' id='word_1_262' title='bbox 0 0 1426 4300; x_wconf 95' lang='lat' dir='ltr'> </span> 
     </span>
    </p>
   </div>
  </div>
 </body>
</html>
