2842 4300
553 391 732 440 sanvanun
752 391 785 440 n.
800 391 825 439 1.
1047 345 1066 388 '
1175 379 1195 438 9

184 538 300 608 Lumina
323 555 492 626 contempto
512 547 612 608 mallet
632 545 755 608 Rhodos
774 565 880 627 aspera
901 545 1033 610 Phoebo.

186 632 293 692 Certus
316 651 397 693 ames
420 641 515 692 terras
536 641 566 692 et
588 649 664 708 quae
686 630 739 692 tibi
759 632 869 710 templa
891 631 1031 706 dicamus,
1143 642 1194 696 105
1306 717 1310 724 ¹

185 717 253 796 lpse
277 717 378 792 colas,
400 735 457 776 nco
479 725 508 778 te
532 716 610 776 coeli
632 719 712 778 iuvet
732 716 816 792 aula,
840 725 966 794 tuosque

186 801 292 861 laetus
314 801 390 861 hnic·
404 802 481 862 dono
503 800 605 862 videas
626 801 698 862 dare
720 809 784 862 tura
804 809 941 879 nepotes.

210 959 250 1008 II.
280 953 575 1022 EPITHALAMION
603 955 772 1008 STELLAE
794 957 844 1007 ET
871 957 1167 1010 VIOLANTILLAE.

201 1053 336 1114 Unde
358 1069 444 1114 sacro
465 1051 538 1114 narn
560 1060 721 1113 sonnerunt
741 1053 867 1114 carmine
890 1051 1027 1114 montes?

188 1138 258 1214 Cui,
282 1138 396 1214 Paean,
419 1153 496 1196 nova
517 1136 633 1214 plectra
653 1152 756 1196 moves
778 1137 959 1223 humeroque
981 1140 1108 1200 comanti

185 1223 354 1282 Facundum
375 1220 532 1299 suspendis
554 1219 651 1280 ebur?
683 1219 791 1280 Procul
813 1239 886 1282 ecce
906 1239 1016 1283 canoro

187 1307 359 1383 Demigrant
379 1304 523 1366 Helicone
546 1303 637 1378 deae,
664 1305 853 1384 quatiuntque
872 1322 989 1368 novena

185 1387 334 1468 lampade
357 1383 510 1450 solennem
530 1387 663 1450 thalamis
686 1390 891 1450 coeuntibus'
881 1407 980 1467 mnam
1179 1403 1214 1454 5·

187 1473 227 1535 Et
251 1473 288 1536 de
310 1470 414 1534 Pieriis
434 1472 571 1532 vocalem
591 1470 719 1532 lontibus
742 1473 855 1534 undam.

188 1559 269 1632 Quas
290 1559 366 1636 inter
386 1557 468 1618 vultu
491 1556 624 1635 petulans
646 1555 752 1634 Elegia
773 1559 959 1637 propinquat,

191 1641 311 1703 Celsior
334 1651 472 1718 assueto,
495 1641 638 1718 divasque
657 1638 790 1701 hortatur
810 1650 840 1701 et
860 1641 950 1704 ambit

189 1727 344 1787 Alternum
365 1726 472 1786 fultura
494 1723 617 1804 pedem,
640 1723 840 1804 decimamque
859 1726 955 1788 rideri

75 1890 80 1899 ¹
190 1813 232 1872 Se
257 1811 337 1890 cupit
359 1819 389 1870 et
409 1810 521 1872 medias.
541 1808 616 1870 fallit
635 1810 780 1887 permixta
800 1827 932 1874 sorores.

255 1895 324 1974 Ipsa
344 1913 430 1956 manu
449 1902 567 1972 nuptam
587 1893 715 1969 genitrix
732 1892 849 1956 Aeneia
868 1895 948 1958 ducit

76 2047 77 2051 Ἰ
189 1981 310 2040 Lumina
332 1979 486 2040 demissam
508 1986 538 2038 et
559 1977 639 2038 dulci
660 1977 808 2055 probitate
830 1979 998 2048 rubentem

189 2064 259 2143 Ipsa
281 2073 366 2123 toros
387 2071 418 2124 et
439 2080 524 2124 sacra
544 2070 628 2139 parat
650 2063 806 2140 cinctuque
826 2061 946 2127 Latino·
981 2117 985 2125 .

189 2147 378 2211 Dissimulate
399 2147 500 2223 deam,
525 2145 635 2209 crinem
651 2145 823 2246 vultumque
845 2163 998 2225 genaeque

191 2232 361 2311 Temperat
374 2242 462 2311 atque
484 2248 560 2291 unua
580 2231 670 2307 gestit
692 2231 786 2292 minor
807 2232 851 2291 ire
873 2233 985 2295 marita
1164 2243 1198 2297 15

188 2317 293 2379 Nosco
316 2317 392 2379 diem
415 2332 591 2395 causasque
599 2316 686 2375 sacri.
727 2314 770 2375 Pe
790 2316 918 2377 concinit
938 2316 996 2380 iate
1016 2348 1060 2361 —
1131 2362 1136 2374 .

119 2446 123 2451 .
190 2402 290 2463 Pande
309 2401 466 2463 ioresi—
490 2409 537 2475 te,
561 2398 670 2477 Stella,
693 2398 816 2470 ohorns;
838 2399 898 2462 tibi.
909 2398 1048 2462 Phoebus
1066 2408 1097 2462 et
1116 2375 1198 2461 Euan

190 2486 232 2546 Et
252 2486 288 2545 de
308 2484 450 2545 Maenalia
471 2484 595 2547 volucer
616 2483 793 2561 Tegeaticus
813 2484 915 2555 umbra
1176 2540 1179 2549 .

192 2572 282 2631 Serta
304 2570 408 2629 lerunt.
453 2567 517 2629 Neo
538 2568 662 2631 blandus
684 2568 793 2645 Amor,
815 2588 872 2629 nec
894 2567 992 2630 Gratia
1015 2577 1116 2630 cessat

80 2650 83 2655 '
191 2654 370 2733 Amplexum
391 2656 495 2713 niueos
518 2660 636 2731 optatae
659 2654 793 2730 coniugia
815 2663 896 2715 artus
926 2691 930 2698 ·
1090 2707 1094 2720 .
1161 2663 1226 2750 20¹

192 2738 330 2798 Floribus
353 2738 509 2799 innumeris
531 2746 562 2797 et
581 2737 673 2801 olenti
693 2754 838 2815 spargere
860 2737 983 2810 nimbo.

193 2823 239 2883 Τιι
260 2822 346 2882 modo
369 2822 465 2883 fronte
490 2838 592 2898 rosas,
616 2821 707 2884 »violis
728 2822 904 2888 matulina
925 2822 1025 2884 mista,
1160 2857 1170 2896 ς

193 2906 317 2985 Excipis
339 2916 369 2967 et
390 2906 638 2969 dominaenivcis
657 2924 682 2968 o
696 2905 824 2972 aulones
846 2905 978 2969 oham..
1063 2947 1079 2968 .-

259 2989 340 3067 Ergo
362 2990 425 3051 ties
444 2990 547 3053 aderat
568 2990 723 3051 Parcarum
743 2992 879 3053 conditas
896 2990 963 3053 albo
1054 3044 1058 3052 .

193 3074 335 3150 Vellere,
360 3091 418 3153 quo
442 3074 554 3135 Stellae
575 3073 825 3152 Violentillaeque
846 3074 1000 3153 professus

196 3158 379 3219 clamaretur
401 3158 520 3235 hymen
559 3156 1034 3237 Cedant.enraeqne.nretusqne;

195 3240 323 3303 Cessent
343 3243 501 3306 mendaces
521 3241 635 3319 obliqui
654 3242 788 3308 carminis
810 3252 905 3312 astum

194 3326 283 3387 Fama
307 3336 383 3387 tace.
424 3326 518 3389 sabin
540 3327 625 3403 leges
647 3336 677 3387 et
698 3326 783 3390 irena
802 3327 958 3394 momordit

194 3411 251 3474 lile
274 3411 386 3472 solutus
410 3428 517 3487 amora
532 3420 702 3489 consumpta
723 3420 773 3473 est.
788 3410 887 3473 labala
906 3411 1000 3488 vulgi,

195 3494 234 3555 Et
256 3505 372 3555 narrata
394 3496 441 3555 diu
463 3495 598 3557 viderunt
619 3496 722 3559 oscula
744 3497 837 3558 cives.

197 3578 242 3639 Τιι
264 3588 362 3639 tamen
382 3580 534 3656 attonitus,
557 3581 694 3659 quamvis.
710 3580 777 3642 data
795 3579 1022 3657 copiatantae
1106 3624 1110 3634 .

196 3664 308 3741 Sertis,
327 3662 428 3725 'adhuc
448 3673 532 3744 optas
551 3666 754 3744 permissaque
771 3665 889 3725 numine
912 3663 1017 3728 dextro
