2842 4300
491 374 692 427 sneunos
710 376 781 427 nm.
797 377 844 427 vr.
1115 365 1173 429 131

175 529 273 591 Ludus
296 539 375 609 erat,
397 530 508 609 patriae
526 550 585 595 non
604 542 718 595 tantum·
732 532 782 595 ehi
801 532 895 595 lendis
916 532 1013 595 ohiret

176 615 285 692 Saena,
308 615 363 677 sed
382 614 503 677 alternis
523 617 661 698 Alpheon
677 620 823 697 utrimque
841 618 960 681 solebat
1121 626 1175 684 olo

77 710 78 713 ’
179 697 276 760 hletiri
296 700 386 779 ripis,
406 709 438 763 et
457 718 513 781 qua
533 702 671 765 letissima
690 704 807 780 dietant,

98 803 100 807 ·
179 782 399 864 Nonnunquam
419 804 516 847 merso
538 789 734 867 transmittere
754 786 869 849 duma
884 784 979 847 diseo.

177 867 259 947 Ergo
278 886 401 949 operum
420 869 513 931 hdens
534 890 592 933 non
612 874 745 951 protinus
766 870 884 934 horrida
905 873 1000 950 nampi

175 952 300 1031 legera,
325 954 380 1015 sed
402 955 489 1017 ooelo
510 956 642 1018 dextram
663 958 797 1033 metitur,
819 956 955 1034 humique

176 1037 299 1099 Pressas
319 1046 445 1119 utroque
464 1058 542 1118 genu
564 1041 694 1103 eolleoto
716 1042 857 1119 sanguine
876 1040 987 1102 denam
1121 1049 1174 1105 600

176 1120 246 1201 lpse
267 1141 356 1203 super
377 1142 445 1185 sese
467 1134 543 1187 rotat
564 1135 650 1205 atque
672 1127 700 1185 in
722 1126 820 1189 nubila
842 1125 949 1188 eondit

176 1204 231 1267 llle
254 1208 328 1269 nitus
346 1208 468 1269 sublime
490 1212 562 1289 petit
583 1211 745 1291 similisque
763 1210 878 1273 oadeuti

176 1287 292 1353 Greeoit
313 1293 343 1353 in
363 1294 534 1371 adversum,
556 1294 733 1375 tandemque
750 1294 908 1364 exhaustus
927 1292 964 1355 ab
986 1294 1047 1358 alto

179 1373 304 1437 'lardior
325 1378 355 1437 in
376 1386 483 1439 terram
504 1379 579 1441 redit
595 1389 684 1458 atque
702 1380 871 1456 inmergitur
892 1379 980 1439 arvis.

241 1462 293 1522 Sio
314 1463 405 1540 ondit,
427 1466 555 1525 attonitis
577 1465 714 1543 quotiens
732 1463 868 1525 avellitur
889 1463 987 1540 astris,
1120 1472 1174 1531 oet

176 1546 255 1608 Solis
278 1563 372 1625 opaea
393 1564 493 1617 eoror;
517 1549 621 1629 proeul
644 1549 809 1611 auxiliantia
830 1557 936 1626 gentes

175 1631 257 1691 Aera
279 1640 400 1711 crepent
418 1631 583 1713 frustraque
602 1635 717 1695 timent:
740 1642 770 1693 at
786 1631 928 1693 Thessala
951 1632 1056 1695 riotrix

176 1714 263 1777 Ridet
284 1716 452 1777 anhelantes
474 1718 571 1779 audito
589 1719 717 1779 carmine
737 1717 836 1795 higas.

241 1797 414 1861 Collaudent
434 1800 540 1872 Danai;
563 1803 694 1864 sednon
716 1802 767 1863 tihi
787 1801 878 1861 molle
899 1802 991 1863 tuenti

175 1882 397 1964 Hippomedon,
420 1886 572 1966 maiorque
590 1904 690 1953 manus
710 1895 844 1965 speretur
864 1886 893 1945 in
912 1902 1020 1964 aequo.
1047 1910 1050 1916 ¹
1120 1894 1174 1951 otto

240 1968 337 2049 htque
359 1970 401 2031 illi
422 1970 587 2050 extemplo,
612 1970 659 2031 eui
677 1988 749 2049 spes
768 1970 927 2047 infringere
949 1969 1036 2031 drrloe

175 2054 356 2132 lemodicas,
376 2054 501 2116 Fortuna
523 2056 612 2117 venit.
658 2054 734 2128 Quid
754 2054 867 2114 numina
888 2063 989 2114 eontra

176 2138 312 2201 Tendere
337 2139 381 2201 las
403 2137 531 2202 homini?
574 2140 704 2220 Spatium
725 2141 781 2204 iam
806 2139 920 2200 inmane
943 2137 1072 2220 parabat,

175 2224 236 2286 lam
257 2226 541 2302 commodarem,
563 2235 593 2288 et
613 2228 668 2288 iam
691 2226 767 2286 latus
782 2241 868 2285 omne
888 2223 1017 2294 redihat;

174 2309 294 2370 Excidit
315 2319 381 2371 ante
402 2311 495 2390 pedes
517 2311 647 2390 elapsam
671 2311 784 2388 pondus
804 2317 834 2370 et
854 2311 928 2370 intus
1119 2317 1173 2374 695

167 2393 314 2470 [Destituit
335 2395 500 2474 frustraque
521 2412 634 2458 manum
656 2395 761 2456 dimisit
780 2396 904 2456 inanem.

238 2477 409 2556 ingemuere
432 2497 549 2556 omnes,
569 2481 702 2559 rarisque
720 2498 757 2540 ea
775 2479 839 2540 viee
859 2477 1005 2558 voluptas.

176 2561 247 2624 lnde
268 2563 304 2624 ad
323 2575 443 2625 conatus
463 2565 559 2628 timida
580 2565 657 2626 euhit
675 2573 740 2624 arte
761 2561 949 2624 hleneetheus
1067 2598 1070 2603 <

177 2645 314 2724 (lautior,
339 2657 369 2708 et
389 2649 505 2710 multum
527 2659 573 2726 te,
596 2648 672 2710 llaia
693 2658 777 2725 nate,
794 2657 899 2726 rogato

175 2730 262 2792 hlolis
286 2733 497 2811 praegravidae
516 2735 640 2811 uestigat
660 2733 783 2812 pulvere
803 2732 913 2810 lapsus.
955 2770 959 2778 ·
1120 2736 1173 2798 700

174 2814 230 2877 llla
249 2833 333 2876 manu
354 2835 458 2896 magne
475 2827 506 2878 et
525 2818 643 2878 multum
664 2817 779 2878 lelioior
800 2818 872 2892 enit,

174 2899 239 2961 Nee
261 2909 373 2980 partem
393 2903 527 2980 exiguam
548 2903 619 2962 oiroi
638 2911 804 2963 transvecta
825 2899 945 2981 quievit.

175 2983 222 3045 Fit
242 3002 346 3063 sonus,
370 2997 399 3047 et
420 2987 477 3049 lixa
500 2989 628 3066 signatur
650 2996 728 3049 terra
747 2988 862 3065 sagitta-
1031 3031 1035 3036 -

239 3068 354 3130 Tertius
372 3071 574 3151 Hippomedon
594 3073 689 3134 valida
711 3072 747 3134 ad
768 3071 926 3134 certamina
946 3069 1044 3132 tardos

174 3151 293 3214 llolitur
309 3173 447 3232 gressum
466 3174 588 3236 namque
608 3157 687 3220 illum
710 3156 800 3218 eorde
821 3155 876 3219 suh
893 3155 954 3216 alto
1101 3159 1171 3218 ‘ros

174 3237 213 3298 Et
236 3257 323 3300 easue
339 3239 487 3318 Phlegyae
507 3251 606 3302 monet
628 3251 657 3302 et
678 3241 793 3302 fortuna
813 3239 986 3302 hleneethe'a

175 3321 271 3401 Erigit
292 3333 437 3385 assuetum
459 3326 579 3389 dextrae
600 3335 767 3403 gestamen,
785 3334 819 3386 et
839 3324 900 3385 alte

176 3407 348 3468 Sustentans
369 3410 550 3490 rigidumque
571 3411 645 3472 latus
663 3411 815 3488 fortesque
836 3409 965 3471 lacertos

176 3491 310 3554 Consulit
331 3511 366 3553 ao
389 3504 473 3554 vasto
495 3505 669 3574 contorquet
690 3494 819 3571 turbiue,
841 3503 872 3554 et
893 3495 958 3572 ipse

175 3576 379 3657 Prosequitur3
400 3578 474 3656 fugit
494 3579 641 3642 horrendo
662 3599 718 3660 per
735 3580 829 3640 inania
850 3579 926 3643 saltu
1118 3581 1171 3638 rto

174 3660 292 3742 lamque
311 3663 414 3742 proenl
436 3667 562 3729 meminit
582 3667 702 3732 dextrae
724 3673 887 3747 servatque
899 3673 1030 3808 tenqqqm
