2842 4300
532 357 709 410 aluvaatuut
731 360 764 410 lu
784 360 839 410 111.

181 514 260 574 Vilia
284 532 336 574 eur
358 533 481 594 magnos
496 524 624 595 aequant
640 515 777 578 animalia
798 516 897 586 diros;

181 599 265 674 Quae
287 599 344 660 sibi
366 609 550 680 praesternat
570 601 656 661 vivax
673 599 776 664 alteria
796 601 937 674 Phoenix,

80 731 81 735 ,
141 709 145 714 ·
180 684 264 758 Quos
287 685 422 762 dignetur
444 703 551 764 agros,
574 693 623 746 aut
644 703 760 765 quoae
777 688 894 764 gurgite
909 685 969 748 Nili
997 726 1004 747 .-

79 813 83 826 ,
180 769 298 848 Merget
318 770 454 831 adoratus
476 770 598 850 trepidis
620 771 788 849 pastoribus
808 771 892 850 Apis.
1010 810 1014 833 ι

244 854 311 914 Duo
330 864 358 916 et
378 855 414 916 ad
437 855 608 916 Aematbios
630 861 745 934 manes,
768 855 819 919 obi
839 855 966 936 belliger
984 857 1065 920 urbis
1152 896 1157 906 ·

182 938 325 1000 Conditor
343 939 476 1016 Hyblaeo
498 939 634 1020 perfusus
655 951 775 1003 neotare
797 940 891 1018 durat,

181 1025 431 1104 Anguiieramque
454 1026 585 1100 donnum,
607 1024 714 1090 blando
736 1044 792 1104 qua
810 1044 906 1087 mersa
927 1045 1042 1091 veneno

182 1111 284 1185 Aetius
306 1110 452 1170 Ausonias
473 1111 547 1188 iugit
566 1108 727 1190 Cleopatra
748 1119 877 1172 caenas.
992 1136 997 1144 ·
1063 1154 1067 1163 .

181 1194 283 1274 Usque
305 1205 335 1255 et
356 1196 384 1254 in
407 1194 546 1271 Assyrias
566 1195 655 1257 sedes
674 1195 865 1276 mandataque
884 1205 981 1258 eastra
1029 1240 1031 1249 .
1164 1242 1169 1258 .

182 1280 369 1358 Prosequere
392 1289 422 1340 et
443 1279 527 1340 Marti
547 1282 698 1356 iuvenem,
719 1281 794 1356 dea,
817 1281 902 1342 trade
923 1280 1033 1342 Latino.
1139 1348 1141 1353 ,
1168 1325 1174 1335 »

180 1363 246 1425 Nee
266 1383 359 1424 novus
377 1364 487 1444 bospea
510 1367 579 1436 erit;
598 1383 672 1444 puer
692 1364 737 1426 luis
759 1362 872 1426 sudavit
890 1366 920 1428 in
940 1370 1019 1428 arvis
1086 1378 1089 1382 ’

181 1449 276 1510 Notus
297 1449 391 1510 adhue
413 1459 522 1511 tantum
542 1451 659 1512 maioris
682 1467 802 1511 munere
820 1449 920 1511 olari:
997 1490 1009 1514 .-

181 1534 242 1596 lam
262 1544 359 1596 tamen
382 1544 411 1595 et
431 1543 538 1596 turmas
560 1535 640 1596 iaaili
660 1544 852 1614 praeuertere
873 1553 951 1613 gyro
1001 1578 1005 1587 ·

182 1619 280 1680 Fortis
302 1618 432 1704 et‚ans
453 1620 551 1682 iaoulo
572 1617 707 1700 damnare
729 1621 860 1697 sagittas.

247 1703 328 1782 Ergo
352 1707 406 1766 erit
427 1704 478 1766 ille
498 1705 579 1782 dies,
603 1723 660 1784 qua
681 1714 711 1765 te
733 1707 843 1766 maiore
863 1705 982 1767 daturus

184 1788 296 1850 Caesar
317 1789 353 1849 ab
374 1791 496 1852 emerito
516 1790 616 1850 iubeat
638 1790 793 1852 diseedere
814 1788 917 1851 belloi

182 1875 224 1935 At
245 1892 299 1934 nos
323 1875 380 1935 hoo
400 1877 503 1936 iterum
525 1884 635 1936 stantes
658 1877 687 1936 in
706 1874 793 1937 litore
815 1885 917 1936 vastos
989 1934 991 1938 .

184 1958 344 2020 cernemus
366 1959 468 2021 fluetus
491 1960 622 2039 eliasque
643 1959 811 2036 rogabimus
833 1978 930 2021 auras.

249 2043 273 2102 0
297 2053 355 2103 turn
376 2054 498 2124 quantus
521 2044 594 2122 ego!
618 2053 667 2105 eut
688 2053 795 2122 quanta
813 2047 912 2104 votiva
928 2045 1056 2108 movebo

184 2128 301 2191 Pleotre
320 2129 398 2206 lyra!
423 2147 509 2209 qaum
526 2148 573 2190 me
593 2145 697 2207 magna
720 2131 837 2190 eervioe
857 2129 975 2207 ligatura

183 2214 314 2275 Attolles
336 2214 463 2275 humeris
484 2224 572 2293 etque
590 2216 619 2273 in
638 2232 703 2273 mea
727 2223 850 2292 pectora
869 2216 991 2293 primurn
1020 2248 1024 2254 ·

182 2299 336 2360 lnournbes
360 2319 376 2359 e
398 2318 497 2378 puppe
518 2316 611 2359 novus
631 2308 806 2376 servatoque
826 2298 934 2359 reddes

186 2382 357 2463 Colloquia‚
381 2385 467 2462 inque
490 2384 585 2445 vioern
604 2382 717 2443 medies
735 2382 914 2445 narrabimus
936 2402 1038 2462 anuos,
1132 2397 1183 2453 13⁵

184 2469 227 2529 Tu
250 2468 379 2547 rapidum
400 2468 568 2550 Euphraten
591 2478 620 2529 et
637 2469 720 2544 regia
740 2468 844 2528 Bactra
866 2486 1026 2549 sacrasque

182 2554 327 2633 Antiquae
346 2552 503 2629 Rabylonis
525 2572 600 2633 opes
624 2562 653 2613 et
676 2552 960 2630 Zeugma,.lratinae

183 2638 269 2699 Panis
291 2640 361 2713 iter,
385 2656 441 2717 qua
464 2638 549 2699 dulae
569 2656 670 2699 nernua
692 2638 822 2699 dorentis
844 2636 975 2709 Idomes;

185 2723 251 2797 Quo
274 2722 403 2800 pretiosa
421 2722 515 2799 Tyros
538 2722 660 2799 rubeat,
683 2740 741 2801 quo
764 2740 892 2801 purpura
913 2723 982 2785 iuoo

185 2807 313 2870 Sidoniis
335 2808 437 2867 iterata
460 2806 556 2883 cadis,
578 2824 635 2885 quo
653 2808 785 2883 germine
808 2808 929 2885 primurn

186 2888 315 2951 Candida
336 2891 441 2951 lalioes
463 2893 568 2953 sudent
590 2890 917 2969 opobalsamaxvirgae:

183 2975 240 3035 Ast
260 2994 340 3053 egop
355 2976 478 3037 devietis
500 2976 630 3037 dederim
651 2994 727 3053 quae
748 2975 834 3035 busta
855 2971 999 3055 Pelasgis,

184 3059 326 3139 Quaeque
348 3060 496 3122 laboratas
518 3060 634 3122 olaudat
655 3060 725 3126 mibi
744 3061 850 3139 pagine
874 3059 1001 3121 Thebas.

251 3218 305 3269 III.
331 3217 572 3271 CONSOLATIO
601 3219 652 3271 AD
680 3217 878 3269 CLAUDIUM
903 3220 1118 3273 ETRUSCUM.

248 3314 364 3375 Summa
386 3314 471 3374 deum
491 3316 602 3394 pietas,
622 3317 704 3375 ouius
724 3315 890 3392 gratissima
912 3317 999 3378 eoelo
1064 3352 1069 3361 ›

183 3396 261 3459 Rara
285 3398 453 3476 profanatas
475 3401 639 3479 inspeetent
660 3400 774 3460 nurnina
795 3408 902 3477 terras,

183 3482 248 3543 lluo
266 3484 366 3545 vittata
390 3500 500 3543 nomam
521 3485 666 3563 niveoque
687 3485 808 3561 insignis
830 3486 948 3560 amiota,

187 3564 289 3639 Qualis
311 3567 405 3627 adhue
424 3586 566 3646 praesens
587 3569 726 3649 nullaque
746 3569 870 3649 expulsa
892 3579 1046 3631 noeentum

183 3650 299 3713 Fraude
320 3650 407 3713 rudes
426 3652 554 3733 populos
576 3662 666 3733 atque
685 3672 775 3721 aurea
793 3672 886 3733 regna
907 3654 1040 3731 uolebas,
1170 3667 1187 3717 5
