2842 4300
251 339 293 400 86
588 352 620 402 Ρ.
642 351 780 403 raumn·
797 351 913 404 suasu

252 505 365 582 Quodsi
384 505 459 568 edeo
480 507 585 588 placui>
598 505 732 570 deflenda
749 508 781 568 in
801 516 934 588 tempore
954 515 1051 584 votes,
1159 585 1162 592 .
1187 517 1253 575 665

249 592 351 653 Dicam
373 591 521 670 equidem,
544 609 602 672 quc
622 610 671 654 me
690 591 844 670 Lachesis,
866 609 928 672 quc
947 601 1032 654 torva
1048 591 1192 670 Megaera

251 677 352 756 Usque
378 677 486 738 sinunt:
504 676 613 738 bellum
631 677 781 740 innumero
801 679 881 738 remit
903 677 1027 757 undique
1048 678 1159 742 bollum

250 761 393 840 Agmine,
415 759 624 842 Lernaeosque
644 761 731 822 trehit
752 761 847 824 fatalis
867 763 998 825 alumnos

251 845 392 907 Gradivus
414 846 553 915 stimulis;
575 847 631 906 hos
647 855 747 908 terrae
768 855 897 910 monstra
916 847 1060 927 mumque

251 930 324 991 'l'ela
344 941 459 991 manent
477 931 651 1011 pulchrique
673 930 770 992 obitus
793 941 822 992 et
843 931 879 992 ab
897 932 964 1009 igne
986 949 1122 1010 supremo
1200 939 1258 996 640
1336 923 1337 940 ¹

251 1019 359 1077 Sontes
382 1016 453 1093 lege
474 1033 584 1076 morae.
629 1013 718 1077 Certa
739 1025 785 1076 est
805 1017 926 1078 victoria
946 1015 1065 1092 Thebis,

250 1100 296 1161 Ne
317 1100 447 1179 trepide,
468 1119 525 1162 nec
544 1117 641 1178 regna
658 1100 746 1161 lerox
763 1117 919 1178 germanus
941 1101 1070 1162 habehit

250 1184 311 1246 Sed
329 1184 421 1246 iuriae
441 1186 645 1264 geminumque
664 1185 748 1246 nefas
769 1187 953 1264 miserosque
976 1204 1030 1266 per
1045 1203 1133 1248 enses

249 1268 305 1330 Hei
326 1269 407 1328 mihi!
430 1266 558 1331 erudelis
578 1271 676 1332 vincet
696 1273 803 1349 pater.'
845 1269 927 1332 Haec
947 1270 995 1332 ubi
1014 1269 1101 1348 fatus,

251 1354 368 1415 Labitur
391 1363 421 1414 et
440 1353 517 1415 hena
536 1353 641 1416 dubios
662 1353 786 1433 ambage
803 1354 929 1434 reliquit.
1044 1409 1049 1424 .
1199 1365 1254 1421 645

313 1438 428 1498 interea
450 1439 578 1517 gelidam
595 1437 728 1501 Nemeen
750 1448 779 1499 et
800 1441 919 1500 conscia
942 1438 1036 1502 laudm

249 1523 415 1583 Herculeae
437 1524 552 1584 dumeta
572 1539 649 1600 vaga
668 1523 788 1602 legione
806 1523 944 1584 tenebant

231 1607 421 1690 ‚Inachidam
442 1609 498 1667 iam
520 1607 654 1675 Sidonias
677 1617 811 1670 avertere
834 1607 971 1688 praedas,

251 1694 408 1768 Sternere,
430 1691 509 1752 ferre
530 1691 633 1753 domos
653 1691 756 1754 ardent
776 1694 950 1771 instantque.
992 1691 1064 1768 Quis
1085 1694 1145 1756 iras

248 1774 397 1853 Flexerit,
420 1775 496 1838 unde
515 1793 633 1853 morae,
654 1777 767 1839 medius
787 1778 851 1856 quis
873 1777 1008 1838 euntibus
1028 1795 1124 1856 error,
1202 1789 1257 1846 650

249 1859 386 1937 Phoebe,
410 1857 500 1922 doce:
518 1877 573 1920 nos
592 1878 658 1922 rara
677 1871 793 1922 manent
814 1862 935 1922 exordia
954 1862 1058 1925 lamae.

311 1940 457 2008 Marcidus
478 1945 605 2006 edomito
626 1945 737 2006 bellum
757 1946 908 2008 referebat
928 1945 965 2008 ab
986 1947 1097 2011 hlaerao

248 2029 351 2106 hiber,
374 2028 413 2088 ibi
435 2029 589 2092 armiferos
608 2033 743 2108 geminae
764 2032 819 2092 ium
840 2031 938 2092 sidere
959 2031 1076 2092 brumae

249 2114 339 2193 Orgia
361 2113 439 2175 ierre
466 2114 554 2177 Getas
576 2132 737 2197 canumque
759 2116 910 2177 virescere
931 2115 1020 2179 dorso

249 2199 360 2276 Othryn
382 2209 411 2259 et
431 2198 525 2261 Icaria
545 2199 714 2281 Rhodopen
731 2210 902 2263 assueverat
920 2200 1031 2279 umbra,
1199 2215 1254 2271 655

247 2282 287 2345 Et
308 2286 364 2343 iam
382 2286 554 2363 pampineos
574 2294 703 2345 materna
725 2285 762 2347 ad
783 2286 898 2347 moenia
922 2304 1024 2347 currus

246 2368 419 2436 Promovet;
441 2368 571 2429 effrenae
589 2369 694 2429 dextra
712 2369 856 2450 laevaque
876 2379 1034 2449 sequuntur

247 2452 378 2529 Lyaeos,
400 2461 430 2512 et
453 2452 509 2512 uda
529 2469 612 2513 mero
633 2452 761 2513 lambunt
780 2454 942 2517 retinacula
963 2456 1065 2533 tigres.

248 2537 319 2597 Post
342 2536 505 2598 exultantes
527 2536 622 2617 spolia
642 2538 810 2599 armentalis
832 2548 949 2617 portant

249 2623 480 2701 Seminecesque
503 2622 589 2702 lupos
612 2624 781 2701 scissasque
806 2621 989 2683 Mimallones
1010 2640 1103 2685 ursas.
1199 2636 1256 2693 666

247 2705 312 2767 Nec
336 2706 488 2767 comitatus
509 2708 605 2784 iners,
627 2715 693 2767 suut
714 2706 776 2767 illic
798 2705 844 2767 Ira
865 2704 1028 2786 Furorque,

247 2789 286 2851 Et
307 2790 402 2851 dietus
424 2801 453 2851 et
474 2791 573 2852 Virtus
596 2800 625 2851 et
645 2790 798 2870 numquam
816 2790 931 2851 sobrius
950 2791 1059 2871 Ardor,

247 2876 442 2953 Succiduique
464 2875 571 2952 gradus
591 2884 622 2935 et
642 2884 738 2938 castra
759 2876 903 2937 simillima
922 2878 997 2955 regi.

246 2958 336 3038 Isque
357 2959 407 3019 ubi
431 2959 571 3039 pulverea
591 2959 723 3023 Nemeen
744 2960 889 3023 effervere
909 2960 986 3023 nube

250 3042 418 3124 Conspicit,
442 3052 471 3104 et
492 3043 586 3105 solem
606 3045 695 3106 radiis
715 3045 870 3123 ignescere
891 3044 974 3121 ferri,
1196 3059 1254 3115 666

245 3128 378 3191 Necdum
399 3129 576 3207 compositus
595 3128 667 3191 belli
685 3130 715 3191 in
739 3130 894 3191 certamina
915 3129 1045 3201 humus

248 3213 416 3276 Concussus
438 3214 524 3290 visis,
547 3233 718 3294 quamquam
739 3232 790 3277 ore
811 3224 842 3277 et
863 3224 986 3295 pectore
1007 3224 1130 3293 marcet,

246 3300 385 3378 Aeraque
404 3307 598 3380 tympanaque
616 3309 646 3361 et
665 3298 790 3361 biforem
810 3301 939 3361 reticere
961 3300 1110 3361 tumultum

246 3385 390 3464 Imperat,
414 3385 550 3445 attonitas
571 3386 620 3464 qui
641 3385 750 3445 circum
771 3384 911 3464 plurimus
927 3400 1024 3447 aures.

246 3469 344 3547 Atque
366 3470 420 3529 ita:
442 3468 507 3529 ‘Me
527 3487 627 3530 manus
645 3470 700 3530 ists
714 3486 865 3549 meamque
880 3468 1038 3532 excindere
1054 3478 1174 3547 gentem
1193 3480 1251 3537 670

247 3554 395 3633 Apparat3
419 3562 449 3613 et
468 3552 557 3631 longe
578 3553 691 3615 recalet
711 3553 812 3623 iuror;
831 3554 889 3617 hoc
907 3554 977 3615 mihi
993 3568 1110 3617 saevum

246 3637 346 3716 Argos
369 3645 398 3697 et
416 3635 570 3699 indomitae
589 3637 698 3701 bellum
720 3640 779 3700 ciet
799 3638 841 3701 ira
858 3655 1015 3701 novercae.
