2842 4300
539 378 739 437 nunautnos
761 377 831 427 ΜΒ.
851 378 874 426 Ι.

210 536 346 597 Foedere
367 534 519 617 praecipiti
538 550 658 613 semper
678 550 770 593 novus
793 541 915 611 augeret
935 532 1032 593 lueres.

211 610 293 682 llaec
312 622 386 681 inter
406 621 512 681 iratrm
533 620 627 699 pietas
649 627 727 695 erat,
749 618 824 679 haec
839 633 922 678 mora
942 635 1056 697 pugnae

214 706 284 767 Sola
303 724 359 767 uec
379 706 408 765 iu
425 720 526 783 regem
547 704 736 784 perduratura
753 703 920 767 secundum.

273 790 311 851 Et
331 790 455 851 noudum
474 806 576 849 crasso
598 789 747 867 laquearia
768 788 840 849 lulta
860 785 992 863 metallo,

212 870 357 936 lloutibus
378 884 427 935 aut
447 874 505 934 alte
527 872 619 937 Graiis
640 873 739 934 eiirdta
756 873 886 942 mtebaut

212 961 311 1038 Atria,
335 968 493 1037 congestos
514 960 585 1019 satis
606 958 780 1037 explicitura
800 960 936 1019 olieutes.

212 1044 278 1106 Nou
299 1045 439 1124 impacatis
461 1060 562 1122 regum
580 1043 763 1121 advigilantia
785 1044 893 1103 somnis

76 1127 101 1208 J
213 1130 291 1207 Pila,
311 1148 366 1190 aec
386 1128 497 1189 alterna
518 1128 588 1189 lerri
610 1129 734 1188 statione
752 1136 906 1206 gementes
969 1155 972 1160 ⁴

212 1213 379 1291 Excubiae,
399 1232 454 1274 uec
477 1232 545 1275 cura
564 1228 645 1276 meru
667 1216 847 1275 committere
868 1229 998 1289 gemmas

213 1300 310 1378 Atque
332 1296 437 1360 auium,
449 1299 560 1359 violare
581 1297 665 1377 eiltis,
687 1299 741 1359 sed
762 1298 838 1359 unda
857 1306 990 1377 potestas

213 1384 343 1444 Armavit
363 1384 482 1444 iratres:
507 1400 603 1463 pugna
624 1392 671 1445 est
694 1383 731 1443 de
750 1400 880 1463 paupere
898 1398 1001 1460 regua.

213 1468 345 1549 Dumque
366 1478 431 1529 uter
449 1478 589 1549 augustae
611 1468 772 1549 squalentia
793 1469 894 1547 iugera
915 1466 1021 1526 Dirces

215 1554 352 1615 Verterat
373 1565 422 1615 aut
444 1554 522 1630 Tqrii
547 1554 624 1615 solie
646 1570 703 1613 uon
725 1554 800 1614 altus
824 1562 925 1613 ovaret

213 1639 332 1717 Exulis,
352 1640 519 1717 ambiguum
542 1640 628 1719 periit
643 1639 688 1699 ias
708 1638 811 1717 fasque
832 1638 1013 1718 humumque,

214 1725 252 1785 Et
273 1728 350 1785 vitae
371 1726 530 1803 mortisque
550 1725 654 1803 pudor.
671 1744 673 1767 1
698 1722 764 1798 Quo
785 1724 902 1783 tenditis
921 1724 1001 1783 iras?

215 1810 262 1869 ah
282 1809 395 1869 miseri!
428 1808 503 1881 Quid
522 1810 546 1867 si
566 1816 719 1887 peteretur
738 1810 855 1868 erimine
876 1817 956 1868 tanto

216 1895 311 1953 Limes
334 1902 457 1969 uterque
479 1892 557 1969 poli,
580 1910 665 1970 quem
686 1892 739 1951 Sol
762 1893 884 1951 emissus
906 1891 971 1950 Eoo

217 1976 356 2052 Cardine,
380 1992 465 2053 mem
478 1984 569 2053 ‘portu
590 1992 717 2050 vergens
738 1984 909 2053 prospectat
928 1974 1028 2048 lltmo,

219 2060 355 2138 Quasque
375 2058 478 2138 procul
497 2067 594 2119 terras
616 2058 737 2137 obliquo
760 2059 857 2119 sidere
876 2059 969 2136 tangit

218 2144 308 2205 rivius
331 2155 378 2206 aut
397 2144 492 2204 Borea
511 2143 625 2220 gelidas
646 2142 790 2204 madidive
811 2152 947 2222 tepentes

217 2231 288 2307 lgue
309 2226 396 2289 Noti?
441 2227 516 2303 Quid
537 2231 562 2288 si
584 2227 688 2305 l'priae
710 2227 912 2307 Phrygiaeque
935 2227 988 2288 suls
1009 2244 1094 2287 uuum

218 2314 433 2376 Gonuectenutr
452 2311 547 2394 opes?
572 2314 638 2374 loca
657 2314 719 2374 dira
738 2324 881 2394 arcesque
902 2313 1044 2373 nefandae

219 2400 370 2462 Sulieeere
392 2399 476 2476 odio,
502 2399 644 2479 iurtisque
665 2399 826 2459 lamattilrus
845 2409 971 2478 emptum
992 2407 1038 2458 est

219 2485 387 2564 Oedipodae
407 2481 519 2544 sedisse
542 2485 619 2545 loco.
658 2483 718 2544 lam
739 2494 820 2545 sorte
840 2485 958 2546 carebat
1193 2554 1196 2565 ,

218 2571 329 2631 Dilatus
350 2569 495 2645 Polynieis
517 2569 620 2630 hones.
667 2568 738 2643 Quis
760 2579 818 2630 tum
835 2570 904 2645 tibi,
927 2587 1027 2645 saeue,
1159 2574 1209 2630 165

219 2656 290 2730 Quis
313 2655 365 2714 luit
385 2655 435 2714 ille
457 2655 536 2730 dies,
559 2672 650 2714 vacua
672 2669 759 2732 quum
779 2655 860 2714 solus
881 2657 910 2712 iu
928 2653 994 2713 aula
1288 2661 1290 2664 ’

218 2739 395 2818 Respiceres
418 2740 462 2798 ius
483 2755 567 2798 omae
586 2747 665 2798 tuum
688 2746 868 2817 cunctosque
886 2739 1025 2813 minores,

217 2825 257 2886 Et
272 2843 410 2904 nusquam
434 2841 488 2902 par
507 2833 586 2884 stare
609 2819 717 2902 caput?
759 2822 818 2882 lam
839 2839 981 2885 murnum
1002 2830 1123 2900 serpunt

218 2909 315 2970 Plebis
337 2907 511 2982 Echioniae,
531 2909 706 2988 tacitumque
728 2926 744 2967 a
766 2908 897 2987 principe
916 2906 1022 2984 vulgus

217 2993 362 3070 Dissidet,
383 3001 427 3069 et,
452 2995 501 3072 qui
521 3010 585 3055 mos
607 2993 743 3072 pupulis,
764 3001 901 3053 venturus
922 3001 1040 3053 amatur.
1157 2997 1208 3055 rto
1300 3028 1302 3042 ·

281 3078 378 3157 aitque
400 3079 519 3158 aliquis,
542 3079 589 3138 cui
607 3096 688 3138 mens
710 3077 808 3137 humili
824 3077 947 3138 laesisse
968 3095 1083 3138 veneno

219 3166 348 3238 Summa,
371 3181 426 3222 nec
445 3164 588 3242 inpositos
606 3179 740 3242 umquam
760 3164 878 3222 ceruice
897 3163 1007 3222 volenti

219 3247 310 3308 Ferre
330 3243 435 3308 duces:
458 3247 588 3308 ‘Hancne
606 3247 745 3327 Ogygiis,
768 3249 822 3323 uit,
849 3265 954 3326 aspera
977 3246 1078 3308 rebus·

219 3331 290 3393 Fata
312 3332 406 3392 tulere
427 3331 543 3393 vicem?
570 3334 677 3394 totiens
699 3339 810 3392 mutare
825 3331 985 3410 timendus,

119 3447 122 3455 ·
220 3417 402 3496 Alteruoque
423 3417 491 3494 iugo
514 3417 670 3480 dubitantia
694 3417 820 3478 subdere
843 3413 939 3478 colla?
1156 3423 1208 3478 175

219 3503 318 3563 Partiti
336 3511 454 3561 versant
473 3504 646 3582 populorum
668 3492 743 3580 iata,
764 3519 906 3581 manuque

220 3587 375 3648 Fortunam
396 3587 505 3646 iecere
518 3589 621 3648 levem.
664 3590 825 3668 Semperne
846 3588 972 3647 uicissim

220 3671 361 3735 Exulibns
385 3673 495 3734 seruire
514 3671 627 3736 dabor?
659 3673 860 3753 tibi,sum1ue
884 3673 1019 3734 deorum·
