2842 4300
257 371 298 440 tt
592 387 624 434 a.
648 385 783 437 raanan
800 387 921 440 onaan

258 541 324 615 Qua
341 539 393 602 tibi
413 538 605 604 sublimi-iam
624 551 701 608 nudo
722 541 917 607 celeberrima
935 541 1012 607 ianua
1123 614 1127 622 Ι

256 623 388 701 Eminet,
411 635 440 686 et
462 627 583 689 iuvenes
604 626 904 706 facundia-praeterit
922 644 1025 687 annos.
1140 624 1144 628 ’

322 708 425 770 ‘Felix
447 719 594 787 curarum,
621 713 669 772 cui
688 728 749 772 non
767 710 920 775 Heliconia
941 711 1023 772 cordi

257 798 343 859 Serta
363 812 419 854 nec
438 793 563 856 inbelles
583 795 720 858 Parnassi
744 815 767 856 e.
783 797 897 859 vertice
920 795 1029 871 laurus,

257 879 317 940 Sed
338 879 419 957 riget
439 879 600 957 ingenium,
625 889 655 940 at
675 897 799 957 magnos
820 881 970 941 accinctus
991 880 1020 938 in
1042 897 1112 940 usus

257 963 328 1026 Fert
349 964 459 1023 animus
482 981 679 1044 quascumque
697 965 791 1025 vices.
834 962 897 1024 Nos
918 965 977 1024 otia
996 964 1074 1024 ritae

180 1063 182 1066 ·
257 1048 392 1109 Solamur
414 1051 703 1128 cantu'ventosaque
725 1048 830 1126 gaudia
847 1047 941 1108 lamae
1224 1059 1261 1112 50

256 1132 438 1206 Quaerimus.
477 1130 522 1192 En
543 1142 661 1209 egomet
683 1149 813 1194 somnum
835 1140 865 1192 et
884 1131 1001 1209 geniale
1023 1141 1141 1193 secutus

255 1217 350 1292 litus,
372 1215 421 1275 ubi
441 1215 572 1276 Ausonio
594 1235 628 1277 so
651 1216 916 1296 ocndldithospita
935 1224 1022 1294 portu

255 1299 459 1378 Parthenope,
480 1307 584 1361 tenues
604 1297 709 1379 ignauo
730 1301 840 1380 pollice
859 1301 985 1360 chordas

256 1384 362 1461 Pulso,
384 1383 575 1464 Maroneique
598 1386 707 1446 sedans
727 1388 758 1446 in
778 1386 908 1462 margine
927 1384 1028 1462 templi

258 1469 346 1530 Sumo
370 1469 492 1530 animum
514 1479 543 1528 et
563 1471 660 1547 magni
679 1471 795 1531 tumulis
817 1471 940 1530 adcanto
957 1467 1096 1544 magistri.
1226 1479 1260 1531 55

280 1621 283 1626 ,
322 1551 374 1612 ‘dt
394 1563 441 1628 tu,
464 1554 488 1614 si
508 1554 589 1631 longi
609 1573 725 1614 cursum
747 1553 827 1615 dabit
847 1552 979 1633 Atropos
998 1553 1075 1628 aeri,
1139 1621 1141 1626 ¹

256 1637 373 1715 Datque
394 1654 519 1716 precor,
540 1637 671 1717 Latiique
690 1638 773 1698 ducis
795 1640 838 1697 sic
858 1638 971 1698 numina
993 1646 1129 1714 pergant,

256 1755 299 1766 -
321 1720 415 1794 Quem
434 1721 486 1780 tibi
506 1721 674 1800 posthabito
698 1720 822 1782 studium
845 1730 891 1780 est
911 1721 1040 1781 coluisse
1056 1719 1203 1798 donante,

256 1805 372 1884 Quique
395 1813 461 1864 tuos
483 1805 541 1866 alic
565 1805 692 1866 subtexit
714 1824 833 1865 munere
855 1805 965 1881 fasces,

255 1887 294 1964 Et
317 1889 409 1968 spatia
429 1891 568 1968 antiquae
589 1891 706 1951 mandat
725 1907 870 1951 renovare
891 1889 1025 1967 Latinae,
1047 1924 1090 1934 -
1225 1899 1261 1953 do

255 1973 390 2033 Forsitan
409 1972 555 2034 Ausonias
574 1973 631 2034 ibis
652 1975 769 2034 frenare
792 1975 942 2049 cohortes,

255 2058 314 2118 dut
334 2057 429 2118 Rheni
452 2058 579 2137 populos
602 2067 651 2118 aut
675 2061 777 2136 nigrae
800 2059 887 2118 litora
908 2057 1030 2132 Thules,

255 2143 313 2203 Aut
333 2140 437 2203 lstrum
459 2162 579 2204 servare
600 2142 675 2204 latus
697 2143 910 2223 metuendaque
932 2150 1036 2223 portae

255 2227 364 2287 himina
387 2226 559 2307 Caspiacae.
603 2227 667 2287 Nec
691 2230 766 2288 enim
784 2228 836 2287 tibi
858 2228 923 2288 sola
944 2226 1073 2306 potentis
1348 2274 1350 2277 .

255 2310 374 2389 Eloquii
393 2312 503 2389 virtus,
526 2320 591 2371 sunt
609 2312 739 2372 membra
757 2312 944 2373 accommoda
962 2310 1060 2383 bellis,
1225 2318 1259 2374 65
1348 2316 1350 2319 ⁴

256 2393 373 2473 Quique
396 2412 516 2471 gravem
537 2394 621 2455 tarde
644 2395 767 2455 subeant
787 2394 910 2456 thoraca
931 2394 1044 2455 lacerti.

256 2480 317 2537 Seu
339 2495 442 2557 campo
465 2479 559 2556 pcdcs
579 2480 623 2538 ire
646 2496 749 2558 paras,
772 2488 819 2539 est
840 2480 953 2557 agmina
976 2494 1064 2556 supra

255 2560 413 2621 Nutaturus
435 2579 528 2641 apex,
552 2581 605 2623 scu
627 2562 709 2623 irena
733 2564 864 2623 sonantia
882 2562 998 2636 flectes,
1278 2609 1286 2643 Χ

257 2646 376 2705 Serviet
394 2660 483 2725 asper
504 2662 608 2724 equus.
651 2646 714 2706 Nos
735 2647 813 2707 lacta
830 2648 925 2707 aliena
947 2643 1078 2705 canendo
1348 2648 1350 2721 j

255 2729 412 2807 Vergimur
433 2731 463 2789 in
484 2732 612 2790 serrium:
635 2732 764 2809 propriis
782 2740 813 2790 tu
835 2730 1007 2811 pulcheria
1029 2728 1116 2788 armis
1226 2738 1261 2793 70
1348 2748 1350 2815 j

197 2874 201 2881 ,
256 2812 325 2891 lpse
349 2814 477 2874 canenda
494 2822 585 2892 'geres
607 2815 778 2894 patriaeque
802 2814 938 2893 exempla
958 2811 1086 2891 parabis.
1178 2832 1181 2840 ·
1348 2820 1350 2823 ⁴

166 2923 169 2931 *
255 2896 361 2974 Magna
384 2907 468 2977 pater
492 2899 660 2976 dignosque·
680 2900 833 2958 etiamnum
853 2898 980 2974 belliger
1003 2904 1085 2956 actus

256 2980 355 3043 Poscit
376 3000 463 3056 arus,
487 2991 675 3061 praestatque
698 2983 776 3043 domi
795 2984 915 3042 novisse
932 2979 1103 3058 triumphos.

256 3066 351 3142 Surge
374 3065 515 3141 agedum,
539 3067 732 3145 iuvenemque
753 3085 828 3145 puer
851 3063 1040 3145 deprehende
1065 3074 1228 3143 parentem,

257 3148 414 3209 Stemmata
435 3158 565 3209 materno
589 3149 677 3231 felix,
693 3152 804 3228 ¹virtute
826 3158 957 3229 paterna.
1046 3217 1049 3222 ,
1226 3155 1260 3211 75

256 3230 316 3291 lam
337 3242 366 3292 te
388 3231 494 3293 blanda
514 3233 578 3292 sinu
600 3233 689 3309 Tyrio
712 3232 769 3293 sibi
791 3232 886 3310 gloria
907 3231 981 3297 felix

256 3313 370 3375 Educat
389 3325 418 3376 et
439 3325 559 3376 cunctas
582 3318 690 3393 gaudet
711 3318 860 3396 spondere
880 3314 1020 3375 curules!

322 3399 403 3460 Haec
426 3417 483 3477 ego
505 3398 683 3461 Chalcidicis
705 3400 742 3460 ad
763 3410 811 3477 te,
832 3395 990 3475 Marcelle,
1012 3397 1152 3461 sonabam

255 3484 418 3558 Litoribus,
438 3484 618 3548 fractasubi
640 3482 766 3543 Vesvius
790 3484 876 3560 erigit
896 3483 966 3558 iras,

225 3642 227 3647 Α
256 3568 379 3629 Aemula
399 3566 555 3627 Trinacriis
577 3566 700 3627 volvens
721 3567 855 3629 incendia
874 3566 1005 3627 dammis.
1225 3575 1262 3631 80

254 3650 326 3713 hlira
346 3650 432 3713 lidesl
475 3650 622 3713 credetne
646 3651 739 3713 virum
760 3659 882 3714 ventura
903 3666 1050 3731 propago,
1274 3659 1277 3662 “
