2842 4300
510 382 712 439 menstruos
735 389 805 437 urs.
822 390 868 450 qr.
1127 377 1184 439 221

189 547 302 609 Horror
324 545 424 625 equis,
443 542 567 605 haerent
580 545 693 623 trepidi
715 554 803 625 atque
824 545 939 607 mmana
959 555 1103 625 pauentes

191 630 510 709 Abruptummirautnr
531 631 593 707 agi;
618 648 694 690 nune
714 633 830 709 inpetus
852 631 897 689 ire

153 754 156 758 -
190 716 322 793 Margine
343 714 379 775 ab
401 724 550 789 extremo,
572 732 647 775 nuno
668 724 773 794 sponte
795 716 824 773 in
844 713 928 775 irena
946 717 1095 780 reaedunt.

191 800 227 861 Hi
246 800 376 881 praelixa
398 798 463 859 solo
485 798 595 861 vellunt
615 801 783 860 munimina:
806 798 914 859 atilli·
1136 816 1187 869 525

192 885 340 946 Portarum
360 883 495 945 obieetus
514 885 642 943 minuunt
664 894 693 945 et
715 884 812 945 ferrea
831 884 940 943 sudant·

194 968 328 1033 Claustra
348 968 477 1029 remoliri
497 968 685 1047 trabibusque
708 978 818 1029 arctata
836 985 944 1027 sonoro

191 1054 306 1115 Pellunt
327 1072 398 1114 saxa
419 1052 503 1129 loeo,
527 1070 595 1131 pars
616 1053 652 1115 ad
666 1053 790 1130 'fastigia
808 1054 913 1113 missas

192 1138 330 1199 Exultant
349 1138 481 1198 haesisse
502 1137 600 1213 laese,
617 1155 687 1216 pars
707 1140 762 1197 ima
784 1138 942 1214 lacessunt,

193 1225 420 1302 scrutanturque
442 1240 530 1283 oavas
548 1240 638 1283 oaeoa
659 1223 804 1285 testudine
821 1231 929 1282 turres.
1136 1237 1188 1290 530

257 1308 296 1368 At
316 1307 411 1383 iuni,
436 1324 511 1385 quae
531 1307 595 1369 sola
618 1306 715 1383 salus,
734 1316 821 1386 eaput
845 1324 931 1379 omne
953 1318 1095 1372 coronant

193 1392 339 1455 Mororum
359 1393 516 1471 nigrasque
538 1392 627 1452 sudes
649 1401 678 1451 et
699 1392 795 1453 lueida
814 1391 893 1452 ienro
986 1437 988 1441 ,

194 1478 314 1558 Spioula
334 1486 363 1537 et
381 1494 497 1539 memus
517 1476 595 1537 eoeli
615 1494 671 1555 per
687 1478 782 1537 inania
799 1476 922 1553 glandes

191 1562 330 1641 Saxaque
350 1562 380 1623 in
396 1560 539 1624 aduersos
559 1560 631 1639 ipsis
652 1562 753 1621 avulsa
772 1560 907 1621 rotabant

192 1645 361 1713 Moenibus;
385 1645 529 1707 exundant
549 1663 639 1707 saevo
660 1646 776 1723 fastigia
797 1644 904 1721 nimbo,
1093 1681 1095 1684 -
1138 1657 1188 1711 536

192 1732 388 1809 Armatasque
410 1740 527 1791 vomunt
549 1730 701 1791 stridentia
719 1730 780 1791 tela
800 1730 959 1791 fenestrae.
1073 1772 1076 1775 -

193 1815 326 1890 Qualiter
346 1824 395 1875 aut
412 1814 542 1891 Malean,
564 1824 612 1875 aut
631 1815 690 1875 alta
713 1812 855 1875 Ceraunia
875 1832 964 1892 snpra

193 1898 353 1961 Cessentes
373 1901 402 1959 in
420 1899 496 1959 nube
518 1899 622 1959 sedent
641 1899 792 1977 nigrisque
810 1899 945 1975 leguntur

194 1983 327 2045 Collibus
349 1994 378 2044 et
400 1984 512 2043 subitae
534 1983 640 2044 saliunt
660 1984 689 2041 in
706 1983 774 2043 vela
795 1982 960 2062 procellae,

194 2069 273 2130 Talis
295 2069 462 2146 Agenoreis
479 2068 619 2145 Argiuum
641 2070 790 2129 exereitus
810 2068 895 2127 armis

194 2153 344 2222 Obruitur;
365 2172 423 2217 non
446 2171 497 2214 ora
517 2155 625 2229 virum,
647 2169 705 2214 non
726 2162 848 2232 pectora
869 2153 959 2213 flectit

193 2239 290 2301 Imber
310 2249 409 2315 atrox,
429 2247 586 2318 rectosque
608 2247 707 2298 tenent
727 2239 757 2297 in
777 2239 892 2298 moenia
913 2238 1008 2297 vultus

193 2324 373 2384 inmemores
392 2324 443 2384 leti
469 2332 626 2385 attentum
646 2341 698 2384 sua
718 2323 778 2385 tela
798 2321 941 2382 videntes.

193 2408 309 2468 Anthea
331 2409 439 2470 falcato
462 2408 629 2470 lustrantem
651 2408 766 2468 moenia
786 2425 872 2468 ourru

193 2491 330 2572 Desuper
350 2492 483 2570 Ogygiae
502 2492 617 2574 pepulit
638 2494 738 2570 gravis
756 2493 871 2571 inpetus
892 2492 1004 2552 hastae.

194 2577 270 2638 Lora
290 2595 414 2652 eroussa
434 2595 537 2652 mann‚·
556 2586 696 2656 retroque
717 2578 747 2636 in
770 2585 854 2654 terga
873 2577 991 2637 volutus

195 2657 385 2724 semianimos
407 2671 486 2722 artus
507 2663 603 2722 ooreis
624 2661 815 2722 retinentibus
835 2661 953 2729 baeret;

195 2746 354 2808 Mirandum
374 2749 438 2809 visu
456 2745 528 2806 belli
547 2746 660 2816 scelus!
683 2763 762 2806 arnna
781 2745 941 2819 trabuntur,

195 2830 408 2910 Fumantesque
430 2840 512 2890 rotae
530 2829 664 2890 tellurem
687 2839 717 2890 et
735 2831 837 2890 tertias
857 2829 959 2890 bastae

196 2916 302 2976 Sulous
319 2925 414 2982 arant:
433 2915 525 2992 longo
546 2917 677 2994 sequitur
695 2932 771 2992 vage
789 2915 913 2994 pulvere
934 2915 1046 2991 cervix,
1160 2926 1170 2938 '

196 2999 235 3060 Et
253 3002 453 3079 resupinarum
471 3008 552 3080 patet
573 2999 667 3060 orbita
688 2999 747 3067 late
768 3017 924 3060 eumarum

260 3085 300 3144 At
320 3084 390 3146 tuba
407 3083 542 3146 luotifiois
564 3083 661 3162 pulsat
682 3083 869 3162 clangoribus
888 3082 1001 3159 urbem,

198 3169 403 3249 Obseptasque
424 3169 505 3230 iores
528 3170 625 3228 sonitu
647 3168 802 3246 perfringit
822 3185 930 3229 amaro.

197 3254 333 3315 Divisere
355 3253 476 3330 adituss
489 3254 625 3333 omnique
646 3255 675 3312 in
693 3253 790 3313 limine
813 3271 920 3313 saevus

198 3338 328 3417 Signifer
347 3347 414 3398 ante
436 3355 538 3400 omnes
557 3355 609 3400 sua
630 3337 732 3398 damna
749 3347 780 3398 et
799 3338 904 3416 gandia
922 3344 1027 3414 portat,

198 3423 269 3484 Dira
291 3424 365 3482 intus
384 3422 493 3499 fodies,
512 3425 561 3484 vix
581 3421 698 3484 Mavors
719 3424 785 3502 ipse
800 3422 927 3483 videndo

199 3507 347 3575 Gaudeat;
370 3508 491 3568 insertis
509 3507 684 3586 lymphatam
704 3507 876 3568 horroribus
897 3505 1000 3566 urbem

198 3591 338 3661 Soindunt
359 3591 493 3652 dissensu
513 3593 595 3652 uario
617 3592 771 3672 luctusque
788 3592 928 3672 furorque

84 3697 85 3702 ¹
198 3676 237 3737 Et
259 3693 351 3756 pavor
376 3685 406 3736 et
427 3677 526 3740 caeeis
543 3676 613 3754 fuga
631 3677 805 3751 eireuurlusa
822 3676 961 3739 tenebris.
