2842 4300
246 338 287 401 26
579 353 611 399 r.
633 351 768 402 Paruum
789 352 906 404 suasus

246 509 341 586 Ignis,
363 516 393 568 et
414 509 443 568 in
463 516 554 569 totum
571 518 711 587 regnaret
732 510 823 571 Sirius
841 527 954 572 aunum.
1149 531 1152 539 ’
1190 519 1243 576 666

245 593 328 654 Idem
349 601 450 654 auctor
472 593 568 654 Paean
588 612 689 655 rursus
710 594 792 655 iuhet
811 597 854 656 ire
874 606 994 659 omento

245 676 369 739 Inferias
387 687 517 738 monstro
538 679 676 756 iuvenes,
696 681 746 758 qui
766 681 858 741 oaede
878 683 973 760 potiti.

246 762 405 824 Fortunate
424 763 508 823 animi
531 763 708 844 longumque
728 766 758 824 in
779 766 898 826 saeoula
918 767 1007 844 digne

246 849 443 910 Promeriture
462 848 551 909 diem!
572 866 631 909 non
652 858 682 909 tu
704 851 753 928 pia
776 851 907 928 degener
928 869 1005 910 arma

248 933 385 1009 Oeoulis,
408 941 458 994 aut
479 942 577 994 uenae
603 934 733 1013 trepidas
756 951 914 996 occurrere
936 934 1029 995 morti.
1155 937 1157 944 '
1191 941 1245 996 646

248 1017 386 1078 Cominus
409 1035 461 1078 ora
479 1019 578 1078 iereus
600 1015 742 1094 Cyrrhaei
762 1020 791 1078 in
813 1019 908 1080 limiae
931 1017 1032 1098 templi

248 1100 400 1180 Constitit,
426 1112 456 1163 et
476 1120 577 1164 saeras
597 1103 637 1164 ita
653 1102 778 1164 voeihus
798 1114 915 1183 asperat
937 1106 1011 1164 iras:

312 1186 392 1246 ‘Non
408 1188 530 1264 missus,
550 1186 751 1264 Thymbraee,
772 1197 839 1248 tuus
854 1189 1017 1267 supplexve
1036 1196 1158 1267 penates

130 1349 132 1353 y
246 1273 398 1334 Adveniet
416 1289 482 1333 mea
502 1291 549 1333 me
570 1273 666 1352 pietas
688 1281 719 1334 et
740 1274 858 1333 conseia
880 1275 971 1333 virtus

245 1359 306 1419 llas
329 1375 421 1435 egere
441 1358 514 1418 vias.
545 1355 612 1435 llgo
635 1376 714 1434 snm,
734 1359 783 1437 qui
802 1357 893 1418 caede
912 1357 1026 1436 subegi,
1192 1365 1246 1420 646

246 1441 383 1519 Phoebe,
405 1451 484 1502 tuum
504 1442 628 1503 mortale
648 1442 753 1519 nefas,
776 1461 862 1521 quem
883 1441 1006 1502 nuhihus
1032 1443 1101 1503 atris

246 1526 286 1588 Et
309 1526 463 1606 squalente
485 1526 548 1605 die,
570 1528 653 1604 nigra
672 1545 758 1605 quem
779 1526 848 1588 tahe
865 1529 973 1588 sinistri

249 1611 390 1687 Quaeris,
413 1612 527 1690 inique,
550 1612 621 1690 poli.
661 1610 774 1684 Quodsi
795 1621 924 1672 monstra
943 1612 1035 1673 effera
1057 1612 1168 1704 maguiq
1224 1643 1226 1650 ·

248 1695 324 1757 Cara
342 1695 417 1756 adeo
439 1697 554 1774 superis
571 1697 740 1774 iacturaque
762 1697 849 1757 vilior
870 1696 961 1774 urhis,

246 1779 327 1841 hlors
342 1779 504 1856 hominum,
527 1789 558 1841 et
577 1797 669 1840 saevo
685 1789 763 1842 tanta
778 1781 962 1842 inelementia
979 1779 1064 1840 coelo
1080 1789 1137 1855 est,
1192 1789 1246 1844 650

248 1865 326 1940 Quid
345 1882 479 1924 meruere
502 1862 598 1942 Argi‘l
615 1883 681 1940 me,
703 1881 767 1940 me,
786 1865 881 1926 divum
903 1867 1029 1944 optime,
1050 1865 1145 1925 solum

249 1949 402 2011 theeisse
421 1957 509 2028 eaput
529 1949 596 2009 latis
614 1949 786 2027 praestabit.
829 1947 876 2008 An
896 1949 967 2010 illud

248 2035 329 2095 heus
344 2035 439 2112 magis
460 2033 560 2110 eordi,
580 2033 659 2112 quod
678 2033 812 2094 desolata
830 2033 980 2093 domorum

249 2119 341 2181 'lecta
361 2119 462 2195 vides,
485 2119 604 2198 ignique
624 2117 699 2179 datis
722 2117 881 2179 eultorihus
903 2119 995 2179 omnis

247 2205 340 2266 Lucet
358 2200 451 2281 ager?
471 2204 531 2264 Sed
552 2203 621 2283 qaid
637 2202 725 2264 fando
747 2212 795 2263 tua
816 2203 875 2263 tela
894 2220 1052 2283 manusque
1197 2214 1249 2269 655

248 2285 417 2351 memoror?
434 2296 592 2367 expectant
610 2297 718 2348 matres
737 2304 932 2367 supremaque
953 2288 1073 2349 fundunt

249 2374 326 2434 Vota
344 2372 421 2432 mihi.
459 2374 536 2433 Satis
557 2380 619 2431 est:
640 2373 749 2448 merui,
771 2390 809 2432 ne
830 2390 954 2451 parcere
973 2373 1078 2433 velles.

250 2458 375 2520 Proinde
393 2474 479 2517 move
501 2456 653 2535 pharetras
670 2474 815 2535 arcusque
837 2458 954 2517 intende
973 2474 1099 2524 sonoros

249 2544 453 2620 lusiguemque
476 2542 597 2601 animam
619 2540 679 2601 leto
700 2540 832 2610 demitte;
855 2542 1004 2603 sedilium

249 2628 377 2689 Pallidus
398 2625 521 2687 Inaehiis
540 2626 605 2705 quis
627 2626 756 2705 desuper
777 2627 894 2687 inminet
915 2626 1015 2705 Argis,
1193 2635 1246 2691 660

249 2713 324 2773 llum
345 2711 470 2788 morior,
491 2710 610 2790 depelle
630 2710 773 2789 globum.²
804 2710 879 2771 Fors
902 2728 995 2791 aequa
1013 2722 1159 2773 merentes

249 2798 392 2877 Respicit.
436 2796 594 2857 Ardentem
617 2798 707 2856 tenuit
728 2796 894 2857 reverentia
917 2796 1016 2856 saedis

247 2882 413 2957 Latoidem,
433 2882 602 2959 tristemque
620 2882 685 2940 viro
707 2880 867 2941 submissus
888 2880 1028 2941 honorem

247 2966 382 3043 Largitur
401 2966 494 3034 ritae3
517 2973 619 3025 nostro
638 2965 713 3026 mala
732 2964 829 3026 uuhil'a
849 2965 936 3025 eoelo

248 3051 425 3129 Diffugiunt:
446 3058 476 3109 at
492 3058 523 3109 tu
544 3050 699 3129 stupeiaeti
717 3068 733 3111 a
753 3049 849 3110 limine
870 3050 981 3110 Phoehi
1192 3062 1244 3117 665

248 3135 395 3197 Exoratus
418 3133 490 3195 abis.
534 3133 605 3195 lude
621 3135 696 3196 haee
715 3144 789 3195 stata
810 3150 893 3195 seem
916 3137 1069 3213 metandis

250 3220 416 3282 Sollemnes
437 3218 572 3280 recolunt
594 3219 716 3299 epulae,
736 3217 941 3298 Phoebeiaque
965 3220 1063 3299 placat

250 3304 373 3384 Templa
393 3314 516 3364 novatus
534 3304 639 3370 honos.
683 3303 743 3364 llas
764 3304 841 3364 forte
861 3305 983 3363 invisitis
1004 3322 1070 3365 aras
1109 3348 1111 3356 ,

248 3390 313 3450 Vos
335 3407 410 3468 quae
432 3385 611 3468 progenies?
633 3404 803 3467 quamquam
823 3385 1001 3464 Calydonius
1021 3388 1151 3467 Oeneus,

250 3473 289 3534 Et
310 3473 516 3549 Parthaoniae,
541 3473 646 3533 dudum
668 3474 692 3532 si
715 3481 812 3533 certus
828 3473 865 3533 ad
889 3488 974 3535 aures
1191 3482 1246 3540 676
1342 3464 1343 3481 ³

253 3556 371 3619 Clamor
391 3559 440 3636 iit,
459 3557 510 3619 tihi
528 3560 590 3619 iura
607 3558 724 3625 domus;
745 3566 776 3617 tu
798 3558 911 3636 pande,
934 3561 997 3638 quis
1019 3557 1117 3635 Argos
1165 3576 1166 3579 ¹

254 3643 419 3723 Adveuias,
444 3643 559 3723 quande
577 3642 652 3704 haee
671 3643 760 3703 variis
783 3644 964 3705 sermonibus
986 3644 1057 3707 hora
1079 3642 1150 3704 est’
