2842 4300
254 374 317 439 238
590 388 622 437 u.
646 388 779 439 suumn
800 389 917 439 sunau

254 544 398 622 Tandem,
419 544 552 625 inquam,
578 562 701 607 soueros
719 545 889 625 dilectaque
906 546 1023 607 moenia
1044 556 1151 625 gratus

253 630 390 710 Respicis
411 639 600 709 assertorque
620 638 720 699 tunam
743 648 799 691 eeu
818 632 903 708 regia
921 631 1001 691 ooeli

253 716 402 776 Attenuata
422 716 479 792 tui,
503 716 546 775 sio
568 724 598 775 te
620 731 675 793 pro
697 714 825 775 turribus
846 716 914 775 altis

253 800 383 859 Vidimus
404 809 557 878 urgentem
578 798 687 875 nubes,
709 800 838 878 laetique
859 800 1016 878 benignum
1218 808 1273 861 220

252 883 374 945 Fulmen
396 894 425 944 et
447 885 561 945 auditos
582 886 700 963 proavis
721 886 891 962 agnovimus
912 886 1006 963 ignes.

253 968 369 1048 Aeoipe
391 988 467 1030 nuno
486 970 617 1050 pecudes
638 978 668 1029 et
685 970 782 1046 magni
800 971 873 1029 turis
891 986 1018 1029 aceruos

253 1053 448 1131 votivumque
469 1072 592 1121 marem:
614 1053 717 1131 dignas
735 1053 789 1113 sed
807 1053 939 1133 pendere
963 1062 1065 1131 grates

253 1137 337 1199 Haud
357 1138 480 1198 mortale
504 1156 578 1218 opus
600 1148 662 1207 est;
686 1147 800 1199 eerteut
819 1138 872 1198 tihi
893 1139 1020 1199 reddere
1038 1137 1181 1200 Bacchus

253 1220 362 1282 Noster
384 1231 414 1282 et
435 1223 573 1298 Aloidas,
596 1223 654 1283 illis
674 1222 751 1283 haee
768 1225 884 1283 moenia
904 1225 1015 1284 serua!
1215 1234 1270 1287 225

317 1306 453 1367 Dixerat:
476 1316 520 1367 ast
538 1308 581 1367 illi
600 1308 685 1383 niger
706 1308 783 1385 ignis
803 1310 834 1367 iu
854 1325 907 1368 ora
926 1324 1080 1386 genasque

253 1390 404 1467 Prosiluit,
426 1401 597 1470 raptumque
617 1392 708 1451 (tomis
729 1391 861 1453 diadema
882 1393 1030 1453 cremarit.

254 1476 335 1537 Tune
355 1475 436 1536 ierus
458 1485 524 1536 ante
547 1478 634 1537 iatum
652 1477 762 1554 spumis
782 1475 904 1538 deluhra
926 1485 1059 1537 cruentat

254 1560 382 1637 Taurus,
406 1570 436 1620 et
454 1560 616 1621 obstantum
636 1560 741 1621 mediis
761 1580 778 1621 e
801 1561 936 1621 coetibus
955 1562 1017 1621 exit

254 1644 398 1706 Turbidus
419 1646 521 1705 insano
539 1645 650 1705 feriens
673 1645 776 1705 altaria
795 1663 896 1706 eumn.
1214 1656 1268 1711 23⁰

252 1729 413 1807 Diffugiunt
430 1729 545 1806 famuli,
568 1739 598 1789 et
618 1748 721 1806 regern
742 1730 854 1791 solatur
873 1730 1030 1809 haruspex.

253 1814 322 1893 lpse
344 1814 496 1877 instaurari
518 1832 632 1875 suarum
652 1814 730 1874 male
751 1814 836 1875 fortis
857 1816 965 1893 agique

253 1898 396 1977 Imperat,
420 1909 450 1959 et
471 1916 591 1977 magnos
613 1899 682 1959 liuto
704 1900 811 1978 premit
831 1916 885 1959 ore
907 1901 1038 1959 timores.
1117 1951 1119 1954 .

254 1982 355 2056 Qualis
377 1983 425 2043 uhi
446 1983 606 2062 inplicitum
627 1983 792 2059 Tirynthius
813 1982 929 2044 ossibus
950 1984 1048 2060 ignem

254 2068 352 2128 Sensit
373 2077 402 2127 et
421 2067 548 2129 Oetaeas
565 2067 701 2129 memhris
719 2068 867 2128 aeaedere
887 2078 999 2145 vestes,
1215 2080 1266 2135 235

253 2152 330 2212 Vota
353 2155 470 2232 incepta
491 2163 587 2216 tamen
608 2154 757 2232 libataque
777 2162 841 2215 tura
862 2154 978 2215 lerehat

253 2237 349 2297 Durus
372 2237 466 2298 adhue
488 2240 662 2318 patiensque
682 2239 767 2316 mali,
789 2257 859 2300 mox
879 2239 990 2318 grande
1010 2248 1136 2300 coaetus

252 2321 411 2399 Ingemuit,
435 2324 588 2403 victorque
610 2324 678 2384 furit
698 2326 890 2404 perviscera
911 2324 1034 2386 Nessus.

251 2405 373 2467 Nuntius
396 2409 519 2468 axauimi
541 2426 701 2488 suspensus
722 2419 846 2488 pectora
868 2427 954 2470 eursu
1325 2428 1326 2475 i

124 2507 127 2516 ·
252 2491 386 2570 Aepytus
406 2491 442 2550 ad
460 2510 563 2569 regem
581 2501 685 2571 portae
706 2496 832 2556 statione
849 2494 953 2554 relicta
1111 2475 1147 2542 ἶ
1210 2507 1264 2560 240

254 2575 374 2652 Tendit,
400 2584 430 2636 et
450 2575 525 2637 haee
544 2577 662 2656 trepido
683 2580 735 2639 vix
757 2579 923 2639 intellectus
945 2577 1078 2639 anhelat:

317 2659 448 2739 ‘Rumpe
472 2662 538 2740 pios
560 2661 655 2724 uultus
675 2665 952 2743 intempestiuaqne,
974 2671 1085 2740 reator,

252 2749 343 2808 Saura
366 2745 464 2814 deum;
487 2746 579 2809 irater
598 2752 686 2810 muris
708 2751 815 2809 airoum
834 2747 966 2808 omnihus
987 2748 1073 2807 instat

251 2831 459 2908 Portarumque
479 2849 576 2893 moras
597 2833 689 2894 frenis
705 2833 826 2894 assultat
845 2842 876 2893 et
897 2833 988 2893 hastis

251 2915 374 2975 Nomine
395 2924 426 2976 te
447 2915 571 2992 erebro,
593 2927 624 2977 te
645 2918 739 2978 solum
759 2919 789 2978 in
809 2917 923 2996 proelia
946 2922 1099 2996 poscens!

250 2998 336 3060 Flent
354 3000 460 3060 moesti
481 3010 561 3062 retro
583 3003 723 3078 eomites,
746 3011 777 3062 et
797 3013 921 3081 uterque
942 3002 1075 3082 loquenti

252 3084 406 3161 Adgemit,
430 3093 460 3144 et
480 3085 572 3164 pulsis
594 3088 742 3146 exereitus
764 3086 908 3166 obstrepit
927 3090 1025 3148 amuis

251 3168 307 3228 llle
328 3177 431 3229 vouat:
461 3168 560 3230 ‘Nune
578 3179 691 3248 tempus
710 3181 789 3247 erat,
815 3180 897 3232 sator
917 3175 1026 3252 optime
1048 3173 1188 3236 divuml'

252 3251 329 3326 Quid
349 3255 453 3314 meruit
475 3252 670 3334 Capaneus‘l'
710 3255 854 3317 Turhutus
872 3257 1014 3318 inhorruit
1032 3259 1099 3320 altis

251 3335 319 3397 Rex
340 3337 430 3414 odiis,
452 3338 605 3420 mediaque
626 3349 723 3400 tamen
740 3343 858 3419 gavisus
879 3344 909 3403 in
929 3344 973 3404 ira
990 3353 1044 3404 est.
1206 3357 1261 3412 uso
1325 3340 1326 3347 '

316 3423 366 3482 Sio
388 3421 437 3481 ubi
458 3433 597 3502 regnator
616 3435 685 3504 post
704 3427 800 3487 exulis
816 3429 876 3489 otia
894 3429 969 3489 tauri

251 3503 390 3584 hlugltum
409 3506 546 3569 hostilem
564 3528 672 3570 summa
694 3511 758 3572 tulit
778 3529 850 3572 aure
870 3514 1010 3573 iurenous

252 3591 438 3670 Agnovitque
459 3593 566 3670 minas,
588 3613 691 3672 magna
712 3603 770 3655 stat
790 3597 920 3657 lervidus
940 3598 983 3656 ira

252 3675 328 3735 Ante
349 3693 471 3754 gregem
490 3679 659 3758 spumisque
679 3681 790 3740 animos
806 3681 973 3743 ardentibus
995 3681 1090 3757 edent,
