2842 4300
493 367 694 423 marmot
716 371 785 422 LIB.
809 373 846 423 11.

174 523 377 605 Dircaeusque
394 523 515 603 madum
535 525 704 607 pariterque
725 526 886 590 Aeheloius
904 527 998 591 beroe

176 608 355 690 Corripuere
374 610 457 670 toris.
497 610 570 671 lllos
592 620 660 690 post
681 611 809 675 verbera
829 613 928 674 fessos

175 693 397 774 Exceptamque
414 693 540 756 hiemem
559 712 649 756 eoruu
669 697 840 776 perfuderat
860 698 937 758 omui

175 779 315 840 Somnus:
338 789 368 840 at
388 779 507 840 lnaobio
527 782 623 840 tenuis
644 780 699 842 sub
722 791 845 862 pectore
867 784 931 862 regi
1123 796 1173 852 145

176 863 282 925 Tracta
304 865 407 944 quies,
431 864 497 925 dum
516 874 614 925 mente
634 865 708 926 deos
730 867 906 946 inceptaque
928 879 1027 930 uersat

173 947 325 1028 Hospitio,
345 958 375 1009 et
396 966 472 1028 quae
490 950 547 1010 siut
565 951 683 1028 generis
705 951 818 1012 adsoita
840 954 966 1032 repertis

172 1031 244 1094 Fata
264 1043 373 1094 movet.
416 1034 572 1113 Postquam
591 1035 696 1094 mediis
717 1035 885 1096 insedibus
907 1037 991 1098 aulae

175 1115 337 1196 Congressi
358 1119 445 1198 inque
466 1120 562 1178 vioem
582 1119 701 1180 dextras
727 1121 849 1181 iunxere
871 1121 1037 1201 lorumque,

175 1202 242 1276 Quo
264 1221 366 1263 serere
391 1221 513 1264 aroanas
535 1212 632 1282 aptum
654 1213 742 1283 atque
762 1205 904 1266 evolvere
927 1224 1021 1283 ouras,
1123 1221 1174 1274 150

77 1361 80 1366 Ι
175 1286 318 1358 lnsiduut;
341 1289 423 1366 prior
442 1287 488 1348 bis
507 1287 612 1348 dubios
630 1288 788 1367 compellat
804 1288 962 1350 Adrastus:

243 1370 384 1450 ‘Egregii
404 1374 556 1448 iuvenum,
574 1389 648 1452 quos
669 1390 728 1434 non
749 1374 813 1434 siue
833 1375 947 1435 numine
968 1378 1066 1454 regnis

173 1455 288 1517 Invenit
310 1474 371 1517 uox
392 1456 495 1517 dextra
515 1457 607 1534 meis,
630 1457 734 1536 quibus
756 1457 822 1537 ipse
843 1477 896 1538 per
915 1459 1035 1538 imbres,

172 1541 351 1602 Fulminibus
372 1543 478 1602 mixtos
500 1542 762 1622 intempestumque
786 1542 945 1604 Tonantem

172 1625 233 1687 llas
250 1644 333 1686 meus
351 1644 444 1705 usque
464 1627 567 1688 domos
584 1627 710 1704 vestigia
731 1626 803 1686 feeit
823 1627 948 1706 Apollo;
1122 1643 1172 1696 155

172 1709 240 1771 Nou
262 1710 397 1790 equidem
416 1710 571 1771 obscurum
588 1710 675 1770 robis
695 1710 835 1790 plebique
853 1711 997 1790 Pelasgae

172 1794 250 1856 Esse
271 1813 357 1873 reor,
380 1797 493 1874 quarob
516 1793 639 1855 oonubia
658 1804 759 1854 nostra
781 1812 938 1874 proborum
1165 1859 1167 1867 A

174 1879 271 1941 'l'urba
291 1889 392 1960 petant
412 1881 530 1940 studiis:
552 1880 687 1956 geminae
707 1879 776 1938 mibi
797 1897 940 1958 namque,
963 1892 1099 1960 nepotum

171 1964 262 2026 Laeta
282 1965 370 2042 fides,
392 1980 489 2044 aequo
505 1962 670 2042 pubescunt
690 1962 787 2023 sidere
809 1972 904 2024 natae.

172 2049 304 2124 Quantus
324 2049 419 2110 bonos
441 2057 623 2128 quantusque
645 2045 757 2126 pudor,
776 2065 814 2107 ue
837 2047 947 2108 credite
971 2053 1056 2128 patri,
1123 2061 1173 2116 roo

171 2133 211 2195 Et
232 2152 323 2214 super
343 2133 497 2194 besternae
515 2132 596 2193 liouit
618 2147 805 2209 eognosoere
824 2149 950 2195 mensas.

170 2219 232 2279 llas
253 2218 352 2279 tumidi
371 2219 448 2279 solio
467 2226 498 2278 et
518 2217 578 2277 late
598 2216 809 2277 dominantibus
829 2218 915 2277 armis

174 2303 322 2383 Optavere
343 2304 399 2363 viri
420 2334 462 2351 -·
480 2302 599 2380 longum
621 2318 791 2362 enumerare
812 2300 959 2363 Pharaeos

172 2387 373 2467 Oebaliosque
395 2387 504 2464 duoes,
525 2418 569 2435 -
592 2394 622 2446 ot
642 2385 763 2447 Aobaea
786 2404 840 2465 per
861 2386 968 2465 oppida
991 2396 1127 2463 matres,·=

172 2475 264 2552 Spem
286 2474 421 2551 generis,
443 2489 500 2532 neo
521 2472 605 2551 plura
623 2479 689 2531 tuus
707 2470 886 2549 despexerat
906 2468 1023 2531 Oeneus
1121 2484 1172 2537 165

79 2612 83 2617 ,
169 2556 306 2620 Foedera
327 2557 499 2636 Pisaeisque
521 2574 609 2617 sooer
628 2555 798 2615 metuendus
822 2554 953 2615 habenis.

171 2643 233 2705 Sed
255 2642 323 2703 mibi
343 2660 399 2702 neo
419 2642 524 2720 Sparta
545 2641 662 2718 genitos
683 2658 740 2699 neo
761 2638 797 2698 ab
819 2638 904 2699 Elide
928 2641 1033 2699 missos
1065 2676 1067 2681 -

170 2728 297 2805 Iungere
318 2726 363 2787 ias
382 2743 526 2804 generos:
546 2724 632 2784 robis
649 2723 698 2783 bio
718 2724 836 2801 sanguis
862 2732 892 2783 et
912 2724 999 2784 aulae

170 2813 238 2874 lura
257 2829 356 2889 meae,
376 2812 467 2889 longo
489 2809 662 2889 promittitur
682 2807 784 2869 ordine
805 2807 867 2867 fati.

170 2897 210 2959 Di
230 2896 323 2973 bene,
347 2895 424 2975 quod
444 2895 519 2955 tales
540 2895 718 2973 stirpemque
739 2892 907 2972 animosque
929 2893 1043 2967 venitis,
1121 2902 1172 2957 170

171 2980 211 3042 Ut
231 2998 375 3061 responsa
396 2982 507 3040 iuvent:
527 2979 575 3039 bio
597 2978 687 3037 durae
705 2986 838 3055 tempore
860 2978 954 3037 noctis
1029 3016 1042 3043 .

170 3066 275 3127 Partus
295 3065 404 3143 bonos,
426 3065 502 3126 baeo
521 3064 572 3125 illa
590 3062 670 3122 venit
689 3070 758 3140 poet
776 3059 901 3121 verbera
920 3066 1059 3122 meroes?

236 3150 413 3227 Audieraut,
433 3150 567 3229 fixosque
589 3146 694 3207 oeulos
715 3163 769 3225 per
793 3154 889 3207 mutua
909 3146 1025 3224 paulum

172 3234 231 3295 Ora
251 3244 369 3311 teuent,
390 3235 504 3314 visique
525 3235 601 3293 inter
618 3248 687 3291 sese
709 3230 811 3291 ordine
833 3229 913 3291 fandi

173 3318 301 3380 Cedere.
346 3319 407 3379 Sed
430 3319 542 3379 ouootis
562 3316 680 3393 Tydeus
698 3314 850 3378 audentior
871 3316 944 3375 aetis
994 3350 1003 3359 ,‚
1121 3324 1170 3380 175

170 3403 291 3484 luoipit:
315 3402 358 3463 ³0
379 3421 463 3482 quam
484 3413 514 3463 te
536 3400 706 3483 partemin
727 3402 884 3479 praetoria
905 3400 999 3461 lamae

170 3488 255 3550 llens
276 3490 366 3567 agitat
383 3496 494 3548 matura
511 3498 596 3565 tuae,
617 3493 811 3567 quantumque
833 3485 974 3547 ierentem

170 3572 327 3634 Fortunam
348 3572 454 3632 virtute
475 3572 589 3634 domas!
627 3569 681 3631 Gui
699 3568 785 3631 cedat
806 3568 947 3631 Adrastus

171 3654 327 3738 Imperiis?
349 3658 414 3737 quis
434 3667 466 3719 te
485 3656 561 3719 solio
582 3655 718 3731 sororis
737 3654 835 3716 avitae
977 3719 979 3722 ,

215 3762 351 3806 assume
374 3763 409 3806 11.
988 3738 1006 3798 3
