2842 4300
267 364 328 429 230
609 382 641 430 Ρ.
662 381 797 431 enemo
818 382 935 433 sunan

264 536 365 595 Amnis
387 544 418 596 ut
439 535 607 597 incumbens
628 537 767 616 longaevi
787 537 898 599 robora
918 538 1018 616 pontis

264 620 401 681 Assiduis
422 631 571 700 oppugnat
589 624 687 701 aquis,
705 625 763 683 iarn
784 640 857 685 sana
874 623 1010 683 taoscmu
1234 634 1277 689 808

264 703 446 784 Emotaeque
468 706 583 775 trabcs;
605 716 685 769 tanto
705 707 865 768 violentior
884 706 947 783 ille,

265 790 366 849 Saevit
388 792 464 851 enim
485 794 597 852 maiore
618 792 700 868 salo,
724 802 903 872 quassatque
923 790 1072 869 trahitque

265 872 374 935 blolem
397 894 529 953 aegram,
551 894 645 937 nexus
666 878 763 939 donec
784 877 868 939 celer
888 877 990 937 alvens
1012 892 1120 936 ornnes

264 958 414 1037 Abscidit,
434 970 464 1021 et
485 978 573 1021 cursu
588 962 685 1023 victor
705 964 834 1041 respirat
852 970 967 1042 aperto.

327 1045 425 1124 thue
446 1047 537 1124 petita
554 1046 602 1107 diu
625 1047 724 1107 celsus
744 1046 862 1124 fastigia
882 1064 972 1125 supra
1231 1057 1280 1112 870

264 1128 390 1189 Eminuit
408 1130 608 1209 trepidamque
629 1150 788 1209 assurgens
810 1132 939 1210 desuper
958 1128 1062 1191 urbem

263 1214 343 1275 Vidit
365 1224 394 1275 et
416 1216 526 1292 ingenti
550 1215 666 1277 Thebas
687 1218 830 1277 exterruit
849 1215 962 1291 umbra,

263 1298 401 1379 Increpat
420 1301 572 1361 attonitos:
592 1300 773 1361 ‘Humilesue
791 1300 964 1380 Amphionis
987 1316 1085 1374 arces,

264 1383 321 1444 Pro
343 1384 453 1463 pudor!
476 1385 505 1444 hi
524 1384 628 1447 faciles
651 1404 828 1464 carmenque
848 1385 959 1445 inbelle
977 1386 1086 1459 secuti,

264 1467 302 1529 Et
323 1471 442 1530 mentita
463 1469 510 1530 diu
533 1469 695 1531 Thebarum
717 1469 832 1546 tabula,
853 1466 947 1547 mnri'l
1230 1480 1280 1535 878

265 1553 304 1615 Et
324 1554 458 1633 quidnam
479 1556 630 1630 egregium
653 1565 844 1634 prosternere
862 1556 978 1615 moenia
997 1554 1081 1614 molli

265 1640 381 1699 Structa
402 1636 507 1713 lyral'
549 1640 640 1699 Simul
662 1640 803 1701 insultans
823 1657 991 1718 gressuque
1010 1656 1162 1718 manuque

263 1721 392 1783 Molibus
415 1723 565 1783 obstantes
586 1742 696 1785 cuneos
718 1724 906 1803 tabulataque
928 1742 1036 1783 saeros

264 1807 412 1875 Destruit:
436 1807 574 1869 absiliunt
594 1818 719 1888 pontes,
741 1811 872 1889 tectique
893 1810 1046 1869 trementis

265 1894 362 1953 Sanea
384 1893 465 1953 irena
487 1891 601 1969 labant,
622 1894 815 1973 disseptoqne
835 1912 948 1971 aggere
969 1910 1071 1953 rursus
1157 1890 1161 1893 ’
1229 1904 1282 1957 880

263 1978 360 2039 Utitur
382 1987 412 2037 et
433 1987 550 2038 truncas
571 1997 662 2058 rupes
682 1981 713 2039 in
732 1978 843 2058 templa
863 1980 1027 2057 domosque

263 2063 440 2141 Praecipitat
459 2063 625 2142 frangitque
646 2064 706 2123 suis
728 2065 784 2124 iam
805 2062 956 2124 moenibus
977 2062 1089 2121 urbem.

266 2171 276 2201 r·
329 2147 448 2226 lamque
472 2147 573 2209 lovem
595 2150 674 2210 circa
695 2148 798 2210 studiis
819 2149 936 2210 diversa
956 2146 1124 2208 fremebant

265 2233 400 2312 Argolici
423 2233 562 2312 Tyriique
584 2233 646 2303 dci;
669 2244 755 2313 pater
777 2252 890 2312 aequos
911 2235 1044 2312 utrisque

263 2319 400 2398 Adspicit
421 2319 556 2395 ingentes
577 2318 727 2379 ardentum
749 2321 880 2378 cominus
897 2320 957 2379 iras
1228 2329 1279 2384 885

264 2405 363 2481 Seque
387 2402 505 2462 obstare
527 2403 623 2470 videt;
644 2405 736 2480 gemit
755 2405 922 2464 inservante
942 2420 1073 2462 noverca

263 2486 352 2547 Liber
373 2495 403 2546 et
422 2486 544 2566 obliquo
566 2498 740 2565 respectans
761 2488 868 2563 lumine
888 2497 1018 2567 patrem:

264 2571 367 2632 ‘Nunc
388 2570 438 2631 ubi
460 2589 550 2632 saeva
570 2589 670 2632 manus
693 2591 818 2652 meaque
839 2573 897 2632 heu
917 2571 1061 2632 cunabula
1081 2571 1237 2648 dammae,

263 2655 400 2732 Fulmen,
422 2658 451 2716 io
473 2655 522 2717 ubi
541 2654 688 2718 lulmenl'
712 2658 761 2717 ait.
806 2655 901 2718 Gemit
919 2665 1022 2718 auctor
1042 2655 1172 2734 Apollo,

264 2742 345 2816 Quas
363 2742 443 2802 dedit
462 2743 546 2820 ipse,
566 2743 684 2811 domos;
705 2741 827 2802 Lernam
850 2742 1026 2818 Thebasque
1044 2741 1186 2819 rependit
1225 2750 1280 2806 890

263 2825 396 2886 hloestus
419 2835 450 2886 et
468 2829 578 2887 intento
601 2827 711 2888 dubitat
733 2826 899 2903 Tirynthius
919 2845 1000 2886 arcu.

264 2909 414 2971 blaternos
436 2910 546 2990 plangit
570 2910 693 2971 volucer
713 2910 860 2972 Danaeius
881 2912 991 2988 Argos.

264 2993 332 3055 Flet
349 2995 449 3054 Venus
470 2993 643 3058 Harmoniae
666 2996 811 3074 populos,
833 3007 1026 3073 metuensque
1047 2997 1143 3054 mariti

265 3081 329 3139 Stat
349 3079 454 3158 procul
473 3087 503 3138 et
524 3081 612 3140 tacita
631 3080 787 3141 Gradivum
805 3082 929 3160 respicit
949 3082 1001 3140 ira.

265 3163 402 3242 Increpat
417 3163 530 3224 Aonios
549 3165 644 3226 audax
663 3164 794 3226 Tritonia
813 3167 909 3227 dium.
1221 3175 1277 3229 898

264 3248 404 3308 lunonem
425 3250 540 3309 tacitam
561 3248 715 3310 furibunda
734 3251 848 3312 silentia
870 3259 1017 3329 torquent.

328 3332 394 3393 Non
410 3341 507 3394 tannen
526 3333 600 3394 haec
619 3333 735 3394 turbant
755 3353 861 3414 pacem
879 3335 973 3403 lovis;
994 3352 1068 3394 ecce
1089 3334 1229 3411 quierant

264 3417 377 3496 Iurgia,
402 3435 486 3495 quum
508 3419 612 3480 mediis
634 3416 789 3497 Capaneus
812 3420 925 3480 auditus
946 3422 976 3480 in
997 3420 1094 3478 astris.

265 3502 409 3563 ‘Nullane
429 3519 483 3580 pro
503 3504 641 3582 trepidis,
664 3504 826 3578 clamabat,
845 3506 959 3564 numina
979 3503 1088 3564 Thebis

266 3585 376 3647 Statis?
397 3587 446 3647 ubi
466 3587 600 3648 infandae
623 3606 733 3665 segnes
753 3588 869 3648 telluris
889 3589 1006 3662 alumni,
1218 3599 1277 3653 900

264 3670 398 3732 Bacchus
420 3681 450 3732 et
470 3670 614 3734 Alcides?
635 3676 718 3752 piget
733 3673 874 3750 instigare
893 3675 1032 3734 minores.
