2842 4300
258 371 299 430 30
593 383 781 430 P.PAP1N11
810 382 925 430 sunum

257 542 369 600 Saevus
388 547 418 598 et
438 538 552 599 intranti
570 524 697 618 populo:
719 539 775 598 iam
796 539 878 615 nigra
900 537 1027 598 tumebat

258 622 343 683 Colla
360 623 471 700 minax,
490 624 546 682 iam
568 641 670 703 sparsa
689 623 756 683 solo
780 623 948 683 turbaverat
969 641 1046 698 ossa,
1067 665 1069 671 ι

256 707 293 767 Ni
314 707 386 767 deus
406 708 574 768 horrentem
597 707 725 768 Lethaeo
748 708 852 767 vimine
873 707 1004 768 mulcens

256 791 366 852 Ferrea
383 793 546 870 tergemino
567 791 728 852 domuisset
749 792 854 852 lomina
875 809 987 852 somno.

319 875 373 936 Est
394 876 492 953 locus,
513 875 649 937 lnacbiae
672 877 806 937 dixerunt
826 873 956 938 Taenara
979 886 1093 955 gentes,

257 961 321 1036 Qua
340 960 523 1021 formidatum
540 960 655 1022 bialeae
673 962 831 1041 spumantis
853 963 882 1020 in
900 979 984 1022 auras

255 1046 280 1106 lt
299 1054 385 1125 caput
407 1055 437 1106 et
456 1046 552 1106 nullos
573 1046 693 1106 admittit
714 1046 837 1106 culmine
859 1047 947 1106 visus.

255 1134 318 1191 Stat
339 1129 468 1190 sublimis
491 1147 568 1210 apex
587 1139 752 1211 ventosque
771 1130 937 1210 imbresque
960 1149 1082 1192 serenus

254 1215 405 1294 Despicit,
428 1224 457 1275 et
478 1223 586 1275 tantum
605 1215 694 1276 fessis
716 1215 846 1276 insiditur
869 1216 963 1275 astris.

256 1299 333 1378 [illic
354 1299 487 1360 exhausti
508 1317 636 1378 posuere
659 1299 770 1361 cubilia·
787 1301 876 1375 venti,

254 1383 489 1462 Fulminibusqae
511 1386 568 1444 iter
585 1394 644 1453 est;
663 1384 789 1445 medium
812 1401 883 1444 cava
904 1382 1002 1444 nubila
1022 1387 1127 1457 montis

253 1467 439 1547 insumpsere
459 1468 550 1543 latus,
569 1487 695 1530 summos
717 1487 773 1530 nec
796 1468 945 1548 praepetis
967 1468 1032 1528 alae

254 1552 375 1612 Plausus
397 1553 456 1612 adit
478 1553 590 1630 colles,
610 1573 668 1614 nec
688 1571 777 1614 rauca
798 1553 922 1613 tonitrua
944 1553 1081 1631 pulsant}

253 1636 310 1696 Ast
329 1635 379 1696 ubi
398 1653 491 1715 prona
511 1638 592 1714 dies,
615 1638 721 1716 longos
741 1656 830 1717 super
851 1653 981 1715 aequora
1003 1637 1075 1698 lines

254 1719 353 1797 Exigit
371 1730 457 1800 atque
478 1723 583 1798 ingens
600 1723 697 1783 medio
717 1731 795 1782 natat
812 1720 912 1782 umbra
931 1721 1086 1800 profundo.

318 1804 462 1866 Interiora
483 1808 546 1865 siun
565 1805 728 1884 frangentia
749 1807 834 1866 litora
856 1814 956 1866 curvat

255 1888 420 1966 Taenaros,
443 1891 595 1968 expositos
616 1907 674 1951 non
694 1891 789 1952 audax
808 1889 949 1950 scandere
971 1890 1084 1952 flnctus.

253 1973 318 2033 illic
339 1972 463 2051 Aegaeo
479 1973 631 2053 Neptunus
651 1977 767 2052 gurgite
789 1971 887 2034 iessos

252 2057 286 2117 ln
307 2067 421 2138 portum
442 2058 559 2120 deducit
582 2077 692 2138 equos,
716 2058 797 2138 prior
817 2058 911 2118 haurit
932 2075 1035 2118 arenas

252 2142 384 2221 Ungula,
408 2144 548 2223 postremi
570 2143 720 2205 solvuntur
741 2144 769 2204 iu
791 2160 920 2222 aequora
941 2143 1049 2221 pianes.

253 2228 333 2303 lloc,
355 2228 499 2305 ut'iama,
520 2229 589 2289 loco
610 2229 756 2309 pallentes
777 2228 879 2289 devius
899 2226 1014 2287 umbras

254 2312 373 2372 'irames
395 2314 455 2390 agit
474 2316 607 2392 nigrique
627 2313 714 2373 iovis·
726 2330 818 2373 vacua
839 2312 922 2373 atria·
934 2311 1004 2373 ditat

253 2396 412 2472 Mortibus,
435 2396 554 2457 Arcadii
576 2397 730 2476 perbibent
749 2399 863 2457 sivero
887 2396 995 2472 coloui,

253 2481 367 2541 Stridor
387 2480 427 2540 ibi
447 2491 477 2541 et
500 2483 627 2557 gemitus
651 2498 827 2560 poenarum,
849 2490 972 2560 atroque
992 2480 1111 2541 tumultu

252 2564 361 2625 Fervet
380 2583 466 2642 ager,
489 2584 580 2645 saepe
601 2564 791 2627 Eumenidum
811 2582 962 2645 vocesque
984 2584 1143 2645 manusque

251 2650 286 2709 In
304 2650 428 2710 medium
445 2646 573 2711 sonuere
594 2650 688 2729 diem,
710 2650 820 2730 letique
840 2650 977 2711 triformis

252 2734 361 2794 ianitor
382 2735 528 2812 agricolas
550 2737 660 2814 campis
681 2734 795 2795 auditus
815 2732 924 2812 abegit.

314 2818 376 2879 Hac
395 2828 427 2879 et
447 2829 515 2879 tunc
534 2819 617 2880 lusca
638 2820 762 2881 volucer
782 2820 853 2881 deus
873 2820 985 2881 obsitus
1007 2820 1107 2881 umbra

250 2903 341 2964 Exilit
361 2904 397 2963 ad
419 2921 562 2983 superos,
582 2899 754 2983 infernaque
776 2904 873 2965 nubila
891 2904 969 2963 vultu

250 2988 376 3048 Discutit
397 2997 428 3047 et
446 2988 521 3047 vivis
542 2987 686 3049 afflatibus
707 3006 760 3049 ora
782 2982 907 3055 serenat.

130 3146 134 3154 Ι
249 3071 322 3131 lude
344 3090 398 3151 per
417 3070 572 3133 Arcturum
591 3071 763 3153 mediaeque
784 3074 897 3138 silentia
916 3072 1001 3137 lunae

250 3157 330 3216 Arva
346 3175 435 3235 super
452 3156 639 3237 populosque
658 3168 746 3219 meat.
790 3158 887 3237 Sopor
906 3156 1009 3217 obvius
1030 3158 1072 3218 illi

250 3240 353 3300 Noctis
375 3240 481 3318 agebat
501 3259 611 3320 equos,
632 3243 822 3322 trepidusque
845 3242 976 3319 assurgit¹
992 3242 1095 3303 honori

249 3324 381 3384 Numinis
403 3334 433 3385 et
454 3335 537 3387 recto
559 3326 678 3388 decedit
698 3327 789 3387 limite
810 3325 896 3386 coeli.

248 3408 374 3468 inferior
393 3410 473 3471 volat
495 3410 596 3472 umbra
617 3413 691 3487 deo,
714 3420 929 3491 praereptaque
951 3414 1046 3473 noscit

250 3492 352 3555 Sidera
371 3496 599 3576 principiumque
620 3498 681 3565 sui;
703 3496 818 3573 iamque
838 3496 928 3557 ardua
952 3495 1081 3573 Cyrrhae

249 3578 448 3659 Pollutamque
471 3598 523 3641 suo
545 3582 699 3659 despectat
717 3579 844 3641 Phocida
865 3580 961 3641 busto.
1017 3648 1019 3652 ,

312 3662 435 3723 Ventum
458 3675 521 3727 erat
537 3665 573 3727 ad
594 3664 726 3736 'lbebas;
746 3668 856 3743 gemuit
878 3684 972 3747 prope
995 3668 1090 3727 limina
1109 3670 1166 3727 nati
1212 3680 1249 3735 65
