2842 4300
247 326 289 388 46
580 337 613 385 r.
641 335 779 386 unsrun
796 334 914 386 suurn

250 495 331 558 Pone
352 490 451 572 gravis
474 508 578 555 curras
598 494 755 574 perirmfflt
775 492 880 555 lancea
899 500 1008 554 coatus.

248 579 319 642 llxit
339 587 369 640 et
386 579 417 638 in
436 577 574 655 fratrem,
596 589 780 658 cognataque
803 588 925 658 pectora
946 577 1007 638 telo

251 663 402 731 douretin
424 660 478 723 ille
499 662 603 725 oculor
622 667 776 726 etiamnum
797 664 826 724 in
846 663 914 724 luce
934 659 1066 723 culmus

250 749 332 811 Sistit
351 756 381 808 et
402 747 545 826 adspecta
563 750 695 827 germani
715 758 809 809 morte
830 746 963 808 resolvit.

250 834 291 894 At
312 834 359 893 cui
376 833 436 893 vita
453 849 561 894 recens
581 842 612 894 et
632 833 728 894 adbuc
749 834 779 892 in
797 832 919 894 vulnere
940 831 1033 890 vires:
1201 835 1254 894 old

250 917 326 979 ‘llos
343 915 397 978 tibi
419 917 618 997 complexus,
631 916 706 978 baec
728 917 812 993 dent,
836 917 892 994 ait,
915 914 1018 976 osenla
1039 916 1120 974 nati?

250 1001 437 1065 Procubuere
457 1019 546 1080 pares
566 1001 651 1079 latis,
673 1001 842 1064 miserabile
864 1010 962 1062 votum

249 1085 366 1164 liortis,
389 1095 420 1146 et
439 1084 552 1148 alterna
571 1086 738 1148 clauserant
756 1086 863 1146 lamina
884 1086 997 1148 dextra.

312 1171 447 1233 Protinus
467 1170 545 1232 idem
565 1170 643 1232 ultro
665 1171 762 1232 iacqu
781 1188 940 1250 parmaque
961 1166 1129 1230 blenoetem

122 1273 125 1277 ’
249 1254 438 1318 Proterrebat
458 1272 568 1333 agens,
588 1257 711 1336 trepidis
732 1255 856 1333 vestigia
877 1264 957 1314 retro
1201 1261 1255 1318 645

248 1341 386 1402 Passibus
405 1349 573 1418 urgentem,
595 1340 691 1402 donec
713 1339 822 1402 defecit
841 1341 938 1419 iniqua

248 1425 361 1505 bapsus
382 1424 484 1501 burno,
507 1426 675 1504 pariterque
696 1443 796 1485 manus
815 1423 970 1484 distractus
991 1423 1020 1482 in
1041 1421 1142 1482 ambas

250 1509 321 1572 Orat
340 1518 371 1569 et
392 1527 409 1569 a
427 1509 528 1586 iugulo
544 1511 683 1575 nitentem
703 1510 827 1568 sustinet
849 1507 975 1569 hastam:

314 1593 417 1654 ‘Parce
437 1611 493 1672 per
510 1593 564 1654 lras
581 1594 676 1654 stellis
695 1592 935 1654 interlabentibus
956 1591 1082 1665 umbras,

249 1677 307 1740 Per
328 1694 452 1757 superos
472 1687 646 1757 noctemque
667 1687 762 1746 taam;
785 1678 867 1756 sine,
889 1679 983 1739 tristia
1003 1675 1112 1736 Thebis
1201 1685 1258 1740 650

249 1761 372 1822 Nuntius
394 1771 459 1822 acta
479 1761 572 1822 ieram
591 1762 733 1841 uulgique
752 1780 807 1841 per
829 1780 880 1824 ora
902 1762 1034 1842 pauentis

251 1844 426 1925 Contempto
447 1855 477 1906 te
498 1865 573 1924 rege
594 1865 712 1908 canaam
733 1849 777 1906 sio
799 1848 884 1908 inrita
905 1846 991 1906 nobis

251 1931 324 1993 Tela
346 1930 464 2009 cadant,
483 1931 614 2012 nullique
635 1942 713 1993 tuum
735 1931 917 2011 penetrabile
937 1931 1017 1991 ierro

250 2015 374 2092 Pectus,
397 2025 427 2076 et
449 2018 561 2096 optanti
580 2018 676 2078 uictor
695 2015 847 2077 rerelraris
869 2017 987 2076 amico!

313 2100 445 2162 Dixerat.
488 2100 544 2163 llle
566 2101 637 2163 nihil
653 2100 762 2163 vultum
781 2109 903 2162 mutatus
923 2099 1039 2161 ‘lnanes
1201 2107 1257 2163 655
1331 2135 1332 2150 ι

249 2185 369 2263 Perdis,
392 2188 447 2262 ait,
469 2185 620 2263 lacrimae,
643 2196 674 2247 et
694 2196 741 2263 tu,
764 2187 793 2245 ni
814 2186 919 2262 fallor,
942 2185 1040 2264 iniquo

250 2271 401 2334 Pollicitus
421 2288 486 2329 mea
509 2270 587 2330 colla
609 2271 690 2331 duci:
714 2288 789 2329 nunc
811 2288 890 2330 arma
911 2270 1045 2348 diemque

248 2356 367 2423 Proice;
392 2353 461 2432 quid
482 2355 617 2432 sequeris
638 2354 756 2415 timidae
776 2354 948 2433 compendia
970 2349 1072 2414 vitae?

248 2438 331 2499 Bella
352 2440 491 2497 manent!
531 2437 621 2497 Simul
643 2436 735 2513 baec,
759 2447 789 2497 et
810 2456 939 2499 cressum
956 2438 1096 2516 sanguine
1113 2439 1206 2499 telum

249 2523 311 2583 lem
331 2521 422 2590 redit;
448 2521 499 2582 ille
522 2539 612 2600 super
632 2521 717 2582 dictis
742 2520 872 2583 infensus
894 2525 998 2585 amaris
1199 2531 1257 2587 666

249 2607 438 2686 Prosequitur
457 2607 568 2667 victos:
594 2606 672 2667 ‘Non
687 2605 763 2667 haec
785 2608 933 2669 trieterica
953 2607 1038 2668 vobis

248 2689 316 2751 Nox
338 2691 432 2771 patrio
455 2691 493 2751 de
512 2708 596 2753 more
616 2692 711 2767 venit,
734 2708 792 2753 non
814 2689 903 2769 Orgia
929 2689 1028 2753 Cadmi

158 2769 162 2777 ⁴
249 2775 392 2852 cernitis,
414 2784 462 2836 aut
483 2776 583 2837 avidas
604 2775 749 2837 lincolium
768 2776 918 2838 scelerare
938 2786 1084 2856 parentes.

247 2860 392 2921 Nebridas
411 2869 440 2919 et
459 2860 582 2937 fragiles
601 2861 719 2937 tlnyrsos
740 2870 859 2941 portare
878 2863 999 2941 putastis

203 2965 206 2970 ’
248 2945 391 3005 Inbellem
412 2944 449 3005 ad
469 2946 609 3023 sonitum,
631 2946 816 3025 maribusque
837 2948 983 3025 incognita
1004 2947 1082 3006 veris
1198 2956 1253 3012 666

248 3028 348 3091 Foeda
370 3026 517 3090 Galenaea
538 3033 719 3092 committere
736 3031 849 3111 proelia
874 3028 976 3093 bnxo‘l

247 3113 302 3174 llic
321 3113 396 3174 aliae
417 3113 542 3190 caedes,
562 3114 635 3175 alius
657 3116 753 3177 inror:
777 3119 816 3177 ite
838 3116 892 3177 snb
915 3116 1032 3177 umbras

249 3198 274 3259 0
294 3196 384 3258 timidi
405 3198 563 3277 paucique!
570 3204 581 3234 ’
614 3200 695 3261 llaec
713 3203 838 3261 intonat:
862 3211 907 3261 aet
928 3210 1024 3261 tamen
1042 3199 1083 3259 illi

246 3282 376 3345 Membra
398 3293 523 3360 negant,
547 3284 701 3363 lassusque
722 3285 790 3345 ierit
811 3285 984 3364 praecordis
1002 3284 1131 3361 sanguis.

246 3367 306 3429 lam
325 3366 439 3428 sublata
461 3386 561 3429 manus
581 3386 683 3430 cassos
705 3368 836 3429 delentur
857 3370 885 3427 in
907 3370 992 3445 ictus,
1196 3376 1251 3436 676

247 3452 422 3530 Tardatique
444 3452 567 3530 gradus,
590 3454 718 3532 clipeum
737 3472 793 3513 nec
814 3453 937 3513 sustinet
955 3454 1051 3515 umbo

118 3599 119 3605 ,
246 3536 384 3599 dictatum
406 3536 524 3615 spoliis,
544 3538 661 3615 gelidus
682 3538 759 3598 cadit
780 3536 873 3599 imber
896 3537 1001 3599 anhelo

118 3645 120 3656 ,
245 3621 388 3702 Pectore,
410 3631 468 3682 tum
490 3623 586 3685 crines
603 3623 790 3703 ardentiaque
811 3640 864 3687 ora
884 3624 1010 3685 cruentis

120 3717 121 3744 l
