2842 4300
222 310 281 375 148
552 324 584 371 a.
607 323 742 371 naemu
765 322 881 371 sunau

219 480 359 558 Agmina,
382 497 456 559 quos
476 477 555 539 blida
577 488 607 541 et
629 496 703 558 quos
723 478 837 539 huila
858 478 990 556 suggerit
1008 479 1105 555 Arae,

219 564 326 627 Aulida
347 566 395 644 qui
415 564 595 643 Graeanque
617 573 717 624 serunt
735 564 904 642 uiridesque
925 564 1075 641 Plataeas,

219 650 258 711 llt
278 649 362 709 sulco
385 648 514 709 Peteona
536 650 651 709 domant
667 648 849 727 refluumque
871 658 967 709 meatu
1088 698 1092 705 .

219 736 376 813 Euripum,
398 752 454 813 qua
472 744 574 795 nomer
594 734 670 811 abit,
691 742 782 812 teque
804 734 904 793 ultima
925 742 1018 795 tractu

220 818 392 895 Anthedon,
419 818 469 879 ubi
488 821 637 897 gramineo
659 818 697 879 de
718 818 804 879 litore
823 817 949 879 Glaucus
1163 829 1218 884 335

219 906 380 967 Pascentes
398 906 505 983 inrupit
525 922 631 983 aquas,
653 906 710 963 iam
733 906 814 964 crine
833 904 1000 982 genisque·

221 988 380 1066 Caerulus,
404 997 434 1049 et
453 990 560 1049 mixtos
579 990 698 1068 expavit
719 988 757 1048 ab
774 989 892 1066 inguine
912 991 1021 1067 pisccs.

221 1072 379 1135 Claudibus
398 1082 427 1133 et
448 1082 523 1133 torta
546 1073 700 1152 Zephyros
721 1074 851 1135 incidere
872 1073 959 1133 lunda
1033 1149 1038 1155 ἢ

222 1157 314 1229 Cura;
337 1155 493 1234 Cydoneas
516 1158 664 1217 anteibunt
685 1176 759 1235 gesa
781 1160 911 1235 sambae.

172 1238 198 1262 ’“
221 1243 264 1303 Tu
287 1260 402 1323 quoque
424 1242 607 1323 praeclarum
629 1243 739 1319 iorma,
762 1241 924 1321 Cephisse,
947 1242 1081 1303 dedisses
1165 1252 1222 1307 aab

217 1327 402 1404 Narcissum,
426 1328 480 1388 sed
500 1327 673 1407 Thespiacis
694 1329 751 1388 iam
768 1328 860 1407 pallet
878 1328 908 1386 in
927 1328 1006 1404 agris

220 1412 300 1473 Trux
319 1431 405 1492 puer;
431 1412 533 1473 orbata
553 1412 656 1472 dorem
677 1422 762 1491 pater
781 1411 862 1472 alluit
883 1411 970 1472 unda.

220 1497 293 1571 Quis
315 1497 366 1557 tibi
388 1496 559 1557 Phoebaeas
582 1499 662 1557 acies
684 1506 876 1575 veteremque
897 1496 1031 1556 revolvat

218 1578 369 1643 Phocida?
392 1582 441 1661 qui
465 1582 618 1660 Panopen,
638 1584 686 1660 qui
704 1581 846 1657 Daulida,
870 1584 918 1659 qui
941 1580 1130 1660 Cyparisson,

219 1666 258 1727 Et
279 1666 392 1743 valles,
415 1665 566 1743 Lebadaa,
589 1675 653 1726 tuas
676 1675 706 1727 et
725 1666 900 1745 Hyampolin
921 1668 983 1738 acri
1164 1676 1217 1731 345

220 1750 378 1812 Subnixam
399 1750 538 1830 scopulo,
564 1750 614 1811 vel
634 1753 683 1829 qui
702 1751 866 1812 Parnasson
887 1760 1040 1829 utrumque
1101 1782 1105 1790 ·

219 1837 279 1897 Aut
296 1833 438 1911 Cyrrhum
458 1836 547 1895 tauris
570 1835 813 1915 Anemoriamque
835 1839 968 1915 supinant

221 1918 436 1999 Coryciumque
452 1938 570 1997 nemus,
593 1921 869 2001 propellentemque
891 1920 1018 1981 Lilaean

222 2002 358 2085 Cephissi
379 2004 506 2082 glaciale
529 2015 633 2085 caput,
657 2022 715 2084 quo
737 2014 837 2065 suetus
858 2005 991 2065 anhelam

218 2088 312 2152 Ferre
332 2091 409 2149 sitim
429 2090 541 2167 Python
561 2109 731 2171 amnemque
752 2099 886 2152 avertere
907 2086 1020 2170 ponto?
1165 2100 1221 2156 sta

223 2174 360 2235 Omnibus
382 2177 515 2236 inmixtas
535 2193 609 2236 cono
630 2193 723 2254 super
742 2176 863 2255 adspice
884 2176 983 2236 lauros

219 2259 368 2339 Armaque
387 2260 437 2320 vel
459 2260 563 2336 Tityon
583 2261 633 2322 vel
654 2260 752 2320 Delon
773 2260 925 2336 habentia,
947 2261 997 2320 vel
1018 2279 1091 2340 quas

220 2344 275 2406 llic
297 2345 370 2404 deus
393 2345 539 2404 innumera
562 2345 669 2405 laxavit
693 2345 786 2406 caede
802 2346 969 2424 pharetras.

220 2428 331 2506 lphitus
352 2445 422 2488 acer
443 2431 521 2507 agit,
548 2431 663 2506 genitor
682 2431 729 2490 oui
748 2445 842 2508 nuper
863 2430 1015 2509 ademptas

220 2511 372 2574 Naubolus
389 2512 580 2593 Hippasides,
602 2523 685 2591 tuus,
707 2532 725 2574 o
747 2516 896 2574 mitissime
913 2514 980 2590 hai,
1166 2526 1219 2580 355

220 2597 354 2677 Hospes:
375 2597 469 2659 adhuc
491 2617 591 2659 currus
614 2604 777 2679 securaque
800 2600 863 2660 lora
882 2599 1018 2675 tenebat,

222 2681 315 2756 Quum
334 2691 382 2743 tua
406 2683 507 2743 subter
529 2700 622 2762 equos
642 2686 731 2744 iacuit
753 2685 892 2746 convulsa
914 2685 1042 2745 cruentis

221 2765 346 2843 lctibus,
371 2785 388 2827 o
410 2769 516 2828 utinam
538 2777 638 2828 nostro
661 2787 725 2828 cum
747 2771 905 2846 sanguine,
925 2768 1060 2829 cmvixl'

285 2851 415 2912 Dicentis
433 2853 571 2912 maduere
592 2871 704 2930 genae,
723 2854 892 2933 vultumque
912 2872 967 2933 per
988 2871 1102 2914 omnem
1172 2911 1177 2924 ,

221 2935 321 2996 Pallor
341 2938 389 3012 iit,
412 2938 553 3015 vocisque
574 2957 682 3016 repens
702 2939 847 3016 singultus
864 2948 996 3018 apertum
1044 2946 1047 2952 “
1166 2948 1220 3006 360

222 3019 380 3100 Intercepit
398 3023 467 3090 iter;
494 3020 610 3082 refovet
626 3023 762 3100 frigentis
781 3026 903 3084 amicam

223 3105 329 3165 Pectus
351 3105 463 3166 alumna
484 3107 579 3175 senis;
600 3107 674 3168 redit
696 3117 785 3187 atque
801 3109 879 3168 exile
898 3109 1045 3187 profatur:

285 3187 327 3246 (Ο
349 3189 417 3250 mihi
437 3190 593 3250 sollicitum
615 3192 705 3252 decus
727 3211 763 3252 ac
783 3211 917 3270 suprema
937 3193 1092 3272 voluptas,

224 3273 386 3350 Antigone!
412 3293 495 3336 seras
513 3274 565 3335 tibi
587 3276 724 3336 demoror
742 3277 882 3354 inprobas
902 3277 1036 3355 umbras,

223 3357 298 3418 Fors
320 3358 422 3419 eadem
443 3359 559 3420 scelera
580 3370 610 3420 et
632 3361 741 3421 caedes
762 3363 877 3420 visums
897 3363 1000 3422 avitas.
1167 3375 1221 3430 365

223 3443 328 3504 Donec
350 3453 379 3503 te
398 3443 531 3504 thalamis
552 3443 679 3505 habilem
697 3447 897 3524 integramque
916 3448 1078 3526 resignent,

223 3527 288 3590 Hoc
307 3530 394 3605 satis,
419 3538 448 3588 et
469 3528 578 3589 fessum
598 3531 657 3590 vita
678 3529 826 3607 dimittite,
847 3530 967 3593 Parcae.

225 3615 286 3676 Sed
307 3614 373 3675 dum
394 3613 477 3675 labor
498 3615 593 3693 iucrs,
618 3617 716 3694 quanti
732 3633 807 3676 nuuc
829 3633 904 3678 accc
924 3618 1023 3679 reviso
1148 3645 1151 3651 ¹
