2842 4300
485 388 685 438 racemos
708 389 779 437 nra.
800 387 864 436 m.
1111 374 1173 437 255

174 546 325 623 Accubat,
347 546 423 607 haud
444 546 544 623 aliter,
567 562 652 623 quam
674 562 761 623 quum
780 542 970 624 poscentibus
992 546 1078 604 astris

173 634 282 695 Laetus
304 633 478 692 inaccensa
500 632 587 692 iacuit
609 628 774 705 Tirynthius
796 628 880 689 Oeta.

174 719 330 797 spirantes
349 733 439 796 super
460 716 579 775 inferias
602 716 718 793 captiva
735 714 891 791 Pelasgum

178 802 313 881 Corpora
335 801 524 879 frenatosque
546 808 646 879 pater,
669 798 774 859 solatia
795 800 868 858 sorti

174 886 341 963 Bellorum,
362 885 507 947 mactabat
528 902 636 963 equos;
657 883 702 944 his
720 884 826 943 arduus
845 884 921 961 iguis
1143 893 1178 949 to

176 972 317 1051 Palpitat,
338 980 367 1031 et
385 972 510 1049 gemitus
531 969 647 1029 tandem
669 986 796 1048 erupere
817 971 948 1047 paterni:

242 1054 279 1115 ³0
302 1056 357 1114 nisi
375 1055 570 1132 magnanimus
588 1062 686 1113 tantae
706 1062 737 1113 te
757 1053 851 1113 laudis
868 1054 972 1116 inisset

177 1140 292 1217 Ardor,
314 1134 474 1200 Echionios
493 1157 607 1199 mecum
628 1137 796 1199 venerande
816 1148 939 1217 penates

176 1226 276 1305 Atque
299 1224 374 1285 ultra
394 1232 512 1285 recture
533 1242 623 1303 puer,
646 1223 791 1283 venientia
813 1225 862 1302 qui
881 1244 958 1286 nnnc

178 1310 288 1371 Gaudia
309 1318 338 1369 et
357 1310 500 1387 ingratum
520 1308 604 1386 regni
625 1307 693 1367 mihi
711 1326 814 1368 munus
836 1309 970 1370 acerbas.
1145 1316 1178 1372 ts

178 1394 224 1453 Tu
246 1412 381 1473 superum
400 1410 533 1453 convexa
552 1394 621 1453 licet
643 1401 806 1471 coetusque
829 1397 961 1472 perenni,

180 1478 280 1539 Credo
302 1479 452 1556 equidem,
473 1479 579 1538 virtute
602 1478 700 1554 colas,
723 1478 791 1537 milri
812 1476 913 1539 llebile
935 1498 1053 1559 semper

178 1562 293 1623 Numen
315 1565 389 1632 eris;
413 1572 521 1642 ponant
539 1580 605 1623 aras
627 1562 806 1641 excelsaque
832 1562 951 1626 'lbebae

179 1648 302 1726 Templa
324 1648 434 1715 dicent;
458 1648 506 1707 uni
527 1648 572 1709 las
595 1648 631 1709 sit
653 1648 756 1725 lugere
778 1650 902 1726 parenti.

178 1732 220 1792 Et
240 1750 315 1791 nunc
338 1732 396 1792 hen
416 1751 491 1811 quae
513 1732 600 1810 digua
620 1732 672 1792 tibi
693 1731 845 1792 sollemnia
867 1751 979 1811 quasve
1145 1740 1181 1795 80

178 1817 300 1895 Largiar
321 1814 484 1896 exequias?
506 1831 563 1875 nec
586 1817 611 1875 si
634 1816 739 1891 fatale,
763 1826 906 1894 potestas,

179 1902 280 1979 Argos
302 1910 331 1961 et
352 1901 482 1980 inpulsas
507 1901 597 1961 cineri
615 1901 740 1960 miscere
762 1899 912 1977 Mycenas,

179 1985 288 2064 Meque
310 2004 416 2065 super,
440 1986 486 2045 cui
506 1986 582 2062 vita,
604 1984 701 2045 nefas!
724 1993 753 2044 et
770 1987 909 2063 sangnine
931 1988 990 2045 nati

179 2071 284 2131 Partus
305 2070 409 2130 honos.
452 2069 600 2129 Eademne
622 2070 702 2145 dies,
726 2068 829 2131 eadem
850 2071 927 2149 inpia
948 2070 1028 2131 bella

182 2156 243 2232 Te,
266 2175 356 2236 puer,
380 2165 409 2215 et
429 2155 509 2215 diros
529 2157 636 2216 misere
657 2157 686 2215 in
706 2163 813 2216 tartara
833 2153 960 2216 fratres?
1146 2165 1181 2219 85

180 2240 221 2301 Et
241 2259 315 2300 nunc
337 2239 482 2319 Oedipodi
503 2259 557 2319 par
578 2249 624 2300 ost
645 2240 760 2300 fortuna
782 2240 895 2300 doloris

181 2325 229 2386 Ac
249 2325 331 2394 mibi;
357 2343 441 2404 quam
465 2325 574 2385 similes
596 2327 753 2402 gemimus,
776 2324 853 2385 boue
874 2325 1020 2404 luppiter,
1043 2322 1180 2384 umbras?

181 2411 313 2490 Accipe,
336 2419 421 2486 nate,
442 2411 484 2470 tui
503 2427 579 2470 nova
598 2409 754 2469 libamenta
775 2409 921 2489 triumphi,

181 2495 312 2574 Accipe,
336 2504 366 2554 et
385 2494 443 2554 hoc
464 2496 595 2572 regimen
617 2495 738 2554 dextrae
757 2492 919 2575 frontisque
941 2494 1088 2574 superbae

181 2579 323 2656 Vincula,
349 2597 424 2658 quae
448 2581 522 2658 patri
542 2580 657 2638 nimium
679 2580 821 2657 gestanda
841 2580 956 2640 dedisti.
1149 2589 1184 2642 90

183 2663 298 2742 Regem
317 2673 363 2741 te,
385 2683 486 2742 regem
505 2665 605 2726 tristes
623 2663 786 2724 Eteocleos
808 2663 928 2723 umbrae

183 2749 378 2827 Adspiciunt!
422 2748 513 2809 Simul
533 2748 609 2809 haec
629 2749 730 2808 dicens
750 2750 917 2826 crinemque
937 2766 1108 2827 manumque

183 2833 329 2908 Destruit,
350 2852 533 2913 accensaque
556 2835 641 2893 iterat
661 2833 818 2893 violentius
838 2835 897 2894 ira:
1080 2839 1083 2844 '

142 2931 149 2942 ·
185 2919 330 2978 ‘Saevum
351 2920 475 2996 agedum
495 2918 678 2997 inmitemque
699 2927 822 2993 vocent,
850 2935 926 2977 nnuc
949 2917 1051 2977 funera
1072 2916 1184 2978 Lernae

184 3001 294 3062 Tecum
316 3003 420 3064 ardere
442 3012 526 3070 veto:
547 3002 654 3080 longos
672 3004 780 3062 urticam
800 3002 912 3063 addere
932 3020 1037 3061 seusus
1150 3011 1184 3066 95

185 3084 366 3165 Corporibus
389 3088 534 3166 coeloque
555 3090 662 3147 animas
683 3086 842 3165 Ereboque
862 3095 1005 3146 nocentes
1040 3091 1043 3095 ’

183 3171 302 3232 Pellere
323 3171 383 3248 fas,
405 3174 557 3252 ipsumque
579 3172 673 3248 ieras,
693 3173 788 3251 ipsum
807 3190 882 3231 unca
898 3172 1050 3231 volucrum

186 3255 246 3316 Ora
262 3257 347 3334 sequi
368 3265 460 3336 atque.
477 3267 556 3318 artus
574 3275 675 3334 regum
695 3266 857 3317 monstrare
877 3256 1030 3316 uelandus.

184 3339 241 3400 Hei
263 3340 346 3417 milri,
370 3341 447 3420 quod
466 3342 580 3420 positos
601 3341 701 3401 humus
727 3341 802 3402 alma
820 3341 943 3419 diesque
966 3340 1098 3401 resolvit

186 3424 285 3502 Quare
307 3425 410 3484 iterum
431 3437 568 3504 repetens
588 3427 751 3504 iterumque
773 3426 875 3486 edico:
896 3443 1032 3505 suprema
1135 3436 1186 3490 100

184 3507 232 3569 Ne
254 3511 317 3588 quis
341 3527 399 3588 ope
421 3520 468 3570 aut
489 3512 609 3572 dammis
631 3512 706 3571 ausit
726 3512 835 3571 iuuisse
854 3511 1006 3587 Pelasgos,

185 3594 247 3656 Aut
265 3611 339 3654 nece
360 3594 439 3656 lacta
460 3595 521 3656 luet
541 3610 720 3674 numeroque
744 3596 876 3675 explebit
893 3596 1029 3674 adempta

187 3675 341 3758 Corpora,
364 3697 418 3758 per
440 3697 564 3760 superos
585 3699 777 3760 magnumque
799 3679 961 3742 Menoecea
981 3680 1066 3741 iuro)
