2842 4300
262 318 325 379 254
602 328 634 375 P.
653 326 789 377 sunnon
807 327 923 377 susum

260 484 436 547 Vulneribus
457 484 570 563 magnis
587 494 618 545 et
637 483 674 545 de
695 485 804 545 vincte
825 492 992 563 queruntur.

259 571 378 650 Frigida
397 570 537 647 digeritur
557 579 689 647 strages,
710 578 833 648 patuere
855 571 972 630 recisae

263 657 335 718 Cum
357 654 469 734 capulis
490 654 640 733 hastisque
660 672 761 715 manns
781 654 944 733 mediisque
968 653 1098 730 sagione
1242 664 1269 717 tt

259 740 423 805 huminibus
445 746 571 809 stantes;
592 738 688 799 multis
709 740 836 819 vestigia
855 738 955 800 caedis

259 826 362 901 Nulla,
384 834 468 885 runnt
489 824 607 903 planctu
629 823 777 903 pendente
799 832 831 884 ct
851 822 958 901 ubique
980 830 1098 901 parato.

259 912 299 971 At
320 910 428 971 circum
447 909 585 969 informes
605 918 725 971 truncos
744 907 912 969 miserabile
933 908 1028 985 surgit

259 994 429 1070 Certamen,
450 995 499 1073 qui
520 995 595 1054 iusta
616 994 727 1070 lerant,
750 994 799 1071 qni
819 990 921 1053 lunera
941 992 1057 1053 ducam.

259 1082 357 1159 Saepe
380 1080 465 1139 etiam
486 1078 624 1155 hostiles,
647 1078 717 1139 lusit
737 1076 864 1139 Fortuna
884 1094 1054 1156 parumper,
1207 1074 1227 1104 ⁶
1243 1086 1271 1141 tt

258 1164 386 1243 Decepti
407 1162 518 1225 flevere
540 1164 635 1233 viros;
654 1180 711 1223 nec
733 1171 815 1223 certa
835 1160 961 1223 facultas

257 1248 410 1325 Nosoerc,
430 1266 516 1327 quem
537 1249 635 1308 miseri
654 1248 748 1309 vitent
764 1248 918 1308 calcentve
939 1263 1087 1306 cruorem.

323 1334 362 1393 ht
384 1332 489 1411 quibus
510 1342 556 1393 est
576 1332 688 1393 inlaesa
709 1334 811 1394 domus
832 1332 977 1410 vacuique
1000 1330 1143 1408 dolores,

257 1420 317 1479 Aut
337 1418 455 1478 deserta
474 1418 543 1495 vagi
560 1416 691 1479 Danaum
708 1417 834 1479 tentoria
852 1417 975 1477 lustrant

256 1504 459 1582 Inmittuntque
480 1502 580 1578 laces,
602 1511 667 1579 ant,
689 1519 765 1580 quae
785 1510 855 1581 post
874 1500 955 1561 bella
980 1500 1136 1579 voluptas,
1246 1510 1274 1564 to

259 1588 409 1662 Quaerunt
430 1586 571 1665 dispersi,
594 1588 690 1647 iaceat
712 1604 770 1665 qno
791 1585 916 1666 pulvere
937 1584 1068 1662 tyneus,

258 1673 305 1732 An
325 1673 401 1750 rapti
421 1679 519 1749 pateat
536 1688 644 1749 specus
666 1672 801 1749 auguris,
823 1680 874 1731 aut
892 1669 942 1729 ubi
962 1670 1059 1731 dirum

256 1756 372 1834 Hostis,
394 1773 430 1816 an
453 1754 600 1816 aetheriae
619 1755 718 1815 vivam
739 1774 795 1835 per
813 1753 943 1817 membra
963 1752 1095 1816 favillae.

255 1840 317 1903 lam
338 1841 464 1901 lacrimis
486 1848 622 1919 exempta
640 1840 720 1916 dies,
742 1858 800 1901 neo
819 1857 905 1901 serus
923 1838 1023 1916 abegit

255 1926 390 2005 Vesper:
415 1934 509 1985 amant
527 1926 626 1985 miseri
648 1924 774 1987 lamenta
792 1924 935 2002 malisque
952 1924 1096 1983 fruuntur.
1237 1933 1269 1987 tt

256 2010 321 2071 Nec
343 2010 459 2071 subiere
481 2010 600 2086 domos,
623 2009 677 2071 sed
701 2010 810 2071 circum
830 2008 933 2069 lunera
954 2024 1070 2087 pernox

257 2095 354 2157 'larba
376 2094 476 2171 sedat,
498 2094 670 2174 vicibusque
692 2094 767 2156 datis
789 2094 902 2156 alterna
922 2100 1076 2171 gementem

256 2180 329 2260 Igne
351 2180 430 2240 ieras
450 2180 627 2260 planctuque
649 2178 765 2257 lugant;
786 2197 844 2240 nec
863 2177 998 2240 dulcibus
1016 2178 1106 2239 astris

235 2281 238 2288 ·
256 2265 360 2341 Victa,
382 2283 439 2324 nec
460 2265 577 2326 assiduo
600 2264 733 2326 coierunt
754 2264 859 2324 lumina
880 2263 960 2324 lletu.

320 2349 434 2409 Tertius
455 2348 599 2410 Auroram
620 2348 756 2428 pulsabat
772 2347 907 2424 Lucifer,
930 2355 962 2408 ct
982 2347 1039 2408 iam
1234 2360 1267 2412 tt

255 2433 399 2494 Montibus
421 2432 531 2494 orbatis
551 2434 683 2494 lucorum
704 2433 817 2511 gloria,
838 2450 960 2509 magnae

256 2519 412 2579 Theumesi
432 2535 543 2578 venere
565 2517 682 2594 trabes,
706 2527 738 2578 ct
758 2519 850 2579 amica
870 2514 1030 2578 Cithaeron

256 2604 336 2665 Silva
360 2605 456 2681 rogim
477 2603 578 2664 ardent
597 2604 718 2664 excisae
738 2603 854 2664 viscera
874 2603 970 2680 gentis

255 2687 379 2748 llolihos
402 2689 572 2756 exstructis;
596 2705 734 2766 supremo
755 2705 875 2748 munere
895 2685 1023 2764 madent

255 2769 361 2851 Ogygii
381 2791 497 2842 manes;
520 2774 650 2850 queritur
669 2771 836 2832 miserabile
859 2770 974 2833 &mum
1230 2783 1263 2836 55

255 2857 338 2918 Nuda
360 2857 467 2918 cohors
488 2858 666 2935 vetitumque
688 2874 812 2934 gemens
828 2855 1018 2918 circumvolat
1039 2855 1154 2932 ignem

253 2942 371 3020 Accipit
390 2950 419 3000 et
440 2941 521 3001 saevi
541 2959 641 3002 manes
664 2941 797 3013 Eteoclis
816 2941 931 3019 iniquos

252 3026 479 3104 Haudquaquam
499 3025 610 3102 regalis
630 3026 742 3102 honos,
763 3024 891 3102 Argivus
911 3022 1015 3086 haberi

253 3110 358 3170 Frater
378 3111 473 3169 iussus
495 3109 589 3170 adbuc
609 3119 696 3189 atquc
718 3111 806 3172 oxole
827 3109 947 3190 pellitur
966 3107 1078 3172 umbra.

316 3194 431 3254 Athon
453 3193 571 3274 plebeio
591 3194 703 3256 fumare
725 3195 888 3256 llsnoecea
905 3194 992 3255 busto
1228 3203 1263 3257 60

254 3279 320 3342 Rex
340 3280 457 3357 genitor
477 3279 655 3358 Thebaeque
678 3281 789 3355 sinunt,
811 3299 868 3340 nec
886 3279 995 3340 robora
1016 3279 1110 3360 rilem

254 3366 426 3425 struxerunt
445 3363 481 3424 dc
504 3381 587 3426 more
608 3382 728 3442 rogum3
749 3366 804 3428 secl
824 3364 950 3426 bellicus
971 3383 1066 3442 agger

254 3446 392 3510 Curribus
410 3457 439 3508 et
458 3449 562 3528 clipeis
577 3447 786 3529 Graiorumque
807 3449 938 3511 omnibns
956 3452 1043 3512 armis

254 3533 410 3604 Stemitur;
432 3533 556 3594 hostiles
578 3553 667 3612 super
687 3536 770 3613 ipse,
792 3543 825 3594 ut
843 3537 955 3613 victor,
977 3552 1118 3613 acervos,

251 3615 384 3676 Pacifera
402 3617 484 3678 lauro
507 3619 616 3680 crinem
634 3619 771 3707 vittisque
792 3618 919 3681 decorus
1228 3630 1264 3686 65
