2842 4300
521 399 697 460 sluvsltum
719 401 752 450 la·
766 356 852 453 ·1110l

177 556 331 633 Reddidit,
354 556 570 637 obscurumque
592 553 667 620 latus
689 558 859 620 clarescere
876 537 948 620 uidit
998 595 1024 602 --
1066 595 1070 601 ·
1106 602 1109 609 ,
1143 575 1151 597 ·

87 647 95 656 ’
177 641 312 704 Conubio
334 643 436 720 gavisa
456 642 567 704 domus.
609 643 672 704 Nec
694 645 819 722 pignora
839 642 942 720 longe;

152 761 156 772 ·
177 729 293 808 Quippe
313 725 358 787 bis
378 727 417 788 ad
439 737 540 806 partus
557 729 636 790 venit
657 727 765 790 Lucina
785 747 929 806 manuque

175 813 243 893 lpsa
265 812 325 874 levi
342 812 480 890 gravidos
501 814 597 890 tetigit
613 813 761 874 foecunda
778 812 908 874 labores.

174 897 260 959 Felix
283 896 316 956 o!
340 897 365 956 si
387 897 477 975 longa
495 897 575 975 dies,
599 897 624 958 si
645 916 770 963 cernere
792 898 889 958 uultus
958 928 963 938 v

175 982 315 1044 Natorum
333 981 502 1061 viridesque
521 1000 616 1060 genas
634 983 685 1043 tibi
706 985 783 1044 insta
804 982 1008 1044 dedissent

177 1051 318 1128 Stdmina!
361 1067 421 1127 Sed
441 1059 537 1130 mcdib
558 1067 696 1129 cecidere
718 1067 841 1147 abrupta
863 1069 978 1130 inventa

164 1151 302 1229 Gaudia,
322 1150 521 1232 florentesque
539 1171 623 1213 manu
644 1153 732 1214 scidit
752 1152 884 1232 Atropos
904 1171 1009 1223 annom

123 1305 128 1317 Ι
178 1237 281 1311 Qualia
301 1236 446 1317 pallentes
466 1236 616 1298 declinant
628 1237 701 1298 lilia.
722 1237 863 1314 οιιιιιιοιι,ι

177 1321 382 1401 Pubentesque
403 1339 493 1384 rosae
511 1323 621 1400 primos
641 1325 801 1384 moriuntur
822 1322 858 1384 ad
877 1332 1004 1401 ausbos,

178 1407 235 1467 Aut
254 1408 294 1466 uti
315 1425 406 1466 verna
427 1409 511 1470 novis
534 1409 649 1487 expirat
670 1425 800 1488 purpura
820 1409 921 1486 pratis,

239 1489 293 1552 llla
315 1492 470 1570 sagittiferi
495 1492 765 1569 circumvolitastis,
785 1491 923 1570 Amores,

177 1575 290 1638 Funera
311 1583 518 1656 maternosque
538 1594 630 1656 rogos
653 1579 776 1639 unxistis
797 1595 926 1638 amomo:
947 1641 953 1649 ,

176 1660 240 1722 Nec
258 1661 361 1730 modus
383 1671 432 1723 aut
449 1661 552 1741 pennis
573 1663 680 1724 laceris
705 1673 754 1724 aut
775 1663 904 1728 crinibus
926 1665 1023 1741 ignem

178 1747 344 1825 Spargere,
363 1747 568 1824 collectaeque
588 1765 689 1827 pyram
710 1757 845 1808 struxere
864 1747 1030 1827 pharetrae.

178 1830 258 1904 Quas
279 1840 348 1890 tunc
369 1831 490 1892 inferias
512 1841 561 1892 aut
577 1851 655 1932 quae
677 1833 805 1894 lamenta
825 1831 959 1894 dedisses
1010 1856 1013 1861 ⁴

177 1913 331 1992 blaternis,
355 1913 498 1992 Etrusco,
518 1919 616 1995 rogis,
640 1919 688 2001 qui
709 1919 812 1982 lunera
834 1920 924 1996 patris
1006 1954 1010 1961 -

177 1999 258 2060 llaud
281 2010 392 2060 matura
408 2010 494 2100 putas
512 2011 599 2080 etque
617 2001 673 2062 bos
694 2005 758 2082 pius
777 2003 901 2080 ingemis
923 2001 1035 2064 annos?

78 2147 80 2163 ,
240 2083 324 2158 illum
345 2087 441 2165 etqui
460 2095 528 2146 nutu
552 2105 674 2187 superas
693 2105 770 2147 nnnc
790 2097 935 2166 temperat
953 2106 1050 2164 arces,
1123 2137 1130 2153 .

78 2186 84 2247 ι
177 2170 351 2247 Progeniem
374 2172 482 2232 claram
503 2173 590 2231 terris
613 2174 735 2251 partitus
756 2182 787 2232 et
808 2176 904 2249 astris,
955 2181 957 2186 '

82 2297 83 2305 ι
177 2256 283 2315 Laetus
302 2255 429 2318 idumaei
446 2256 563 2317 donavit
579 2256 692 2317 honore
695 2257 857 2336 triumphi,
1125 2258 1190 2318 litt*

177 2338 378 2425 Dignatusque
399 2340 469 2401 loco
489 2342 619 2401 victricis
639 2351 668 2426 at
690 2344 793 2405 ordine
813 2359 940 2421 pompae

177 2424 243 2484 Non
262 2428 354 2485 vetuit
361 2434 553 2505 ,tenuesque
573 2427 643 2487 nihil
662 2418 791 2487 minuere
811 2435 959 2507 parentes.

178 2510 277 2593 Atque
298 2510 405 2571 idsni
396 2529 425 2571 ιιι
449 2529 559 2571 cuneos
580 2512 720 2590 populum
742 2531 828 2591 quum
849 2512 929 2572 duxit
949 2513 1132 2589 equestres,

177 2586 357 2675 Mutavitqus
376 2614 471 2673 genus
492 2596 655 2676 laevaeque
673 2597 804 2695 ignobile
826 2598 935 2657 ferrum
1265 2662 1270 2674 ί

178 2678 282 2756 Exuit,
306 2689 334 2739 et
356 2680 439 2741 celso
461 2690 592 2741 natorum
614 2684 750 2761 aequavit
774 2682 896 2747 bonore.
1017 2727 1019 2734 .
1125 2689 1176 2742 llo

241 2762 353 2825 Dextra
375 2764 420 2824 bis
443 2768 558 2825 octonis
577 2766 722 2827 linxerunt
743 2766 862 2827 saecula
882 2767 992 2842 lustris,

78 2894 80 2915 ι
178 2846 276 2929 Atque
298 2851 364 2909 aevi
384 2850 447 2911 sine
467 2850 545 2913 nube
567 2860 662 2921 tenor.
703 2850 795 2924 Quam
814 2850 897 2912 dives
917 2854 945 2911 in
966 2868 1036 2911 usus

127 2998 131 3009 Ι
176 2931 317 3011 Natorum
336 2942 459 3014 totoque
481 2935 585 2995 volens
608 2935 758 3015 excedere
778 2954 885 3012 censu,

179 3016 276 3079 Testis
298 3018 392 3081 adbuc
413 3018 489 3097 largi
507 3022 589 3080 nitor
604 3020 671 3080 inde
692 3029 827 3081 assuetus
848 3020 976 3097 Etrusci,

179 3100 233 3175 Cui
254 3112 303 3169 tua
323 3121 382 3165 non
401 3104 527 3165 humiles
544 3104 624 3167 dedit
643 3103 820 3182 indulgentia
840 3124 950 3184 mores.
997 3135 1000 3142 ·
1126 3115 1178 3167 150

177 3188 261 3249 Hunc
281 3189 425 3267 siquidem
443 3190 578 3269 amplexu
598 3207 717 3268 semper
734 3200 894 3254 revocante
914 3191 1038 3251 tenebas

178 3272 322 3349 Blandus,
347 3282 377 3333 et
398 3275 521 3353 imperio
543 3286 695 3353 numquam
713 3282 811 3353 putem
831 3274 916 3335 huius
938 3277 1040 3336 honori

179 3358 303 3419 Pronior
322 3358 387 3438 ipse
409 3359 660 3437 etiamgaudebat
681 3360 790 3420 cedere
812 3359 913 3425 frater.

245 3442 325 3516 Quas
342 3442 395 3502 tibi
414 3444 511 3511 deuoti
533 3444 655 3505 iuvenes
675 3462 729 3523 pro
749 3453 833 3524 patre
854 3454 968 3522 renato,

179 3527 296 3589 Summe
319 3528 439 3605 ducum,
455 3538 575 3607 ugentes,
600 3540 647 3594 aut
660 3548 741 3609 quae
762 3531 810 3609 pia
828 3539 898 3590 vota
917 3527 1099 3609 rependant?
1122 3540 1178 3593 aba

180 3611 241 3688 Tu,
264 3630 317 3672 seu
338 3614 426 3675 tarda¹
440 3614 496 3685 situ
517 3614 665 3693 rebusque
688 3615 828 3678 exhausta
845 3624 982 3676 senectus
1048 3687 1050 3692 ¹

178 3694 312 3777 Erravit,
323 3716 381 3769 ¹eeu
399 3698 723 3791 blanda-diuidentem
740 3716 911 3777 regressum
983 3748 1020 3785 .„
1060 3763 1063 3766 ,
