2842 4300
186 369 189 374 ¹
230 397 289 458 104
562 407 594 455 1.
616 407 752 456 aarum
772 407 889 457 111111
960 362 965 379 ’

218 561 350 625 'Excidat
371 561 423 622 illa
442 561 506 623 dies
526 553 695 639 aevo,'neo
715 573 836 644 postera
857 561 978 624 credant

227 647 366 710 Saecula!
385 645 446 707 Nos
467 655 549 708 eerte
566 657 733 725 taceamus,
754 658 786 709 et
805 648 910 709 obruta
929 648 1017 709 multa

100 745 107 762 ⁹
226 733 322 794 Nocte
343 733 405 810 tegi
426 732 565 812 propriae
584 734 726 812 patiamur
745 735 863 813 erimina
883 734 991 811 genus.
1191 744 1226 798 00

225 817 334 895 Exegit
353 834 480 897 poenas,
502 816 648 878 bominum
671 821 717 878 eni
737 836 808 878 eura
830 835 958 896 snorum,

227 901 298 977 Quo.
312 902 407 981 pietas
424 911 545 963 auotore
562 903 639 964 redit
660 912 815 981 terrasque
835 904 949 978 revisit,

226 987 319 1062 Quem
339 988 419 1046 timet
438 999 526 1047 *omne
546 988 640 1048 nefas.
686 989 765 1049 Satis
782 987 859 1048 haee
877 987 1110 1068 lacrimandaque
1129 989 1213 1049 nobis

225 1071 313 1132 Ultio.
359 1071 435 1146 Quin
456 1089 561 1132 saevas
581 1075 687 1134 utinam
707 1089 833 1134 exorare
852 1072 958 1133 lioeret

224 1155 398 1217 Eumenidas
416 1157 592 1237 timidaeque
614 1167 755 1219 avertere
769 1155 922 1218 Gerberon
942 1157 1063 1218 umbrae
1189 1168 1224 1224 05

173 1276 177 1286 ›
225 1241 473 1320 Inmemoremque
497 1243 554 1302 tuis
576 1243 659 1304 citius
678 1243 880 1304 daremanibns
898 1248 1035 1302 amnem!

288 1325 383 1386 llaote
405 1327 514 1403 animo,
537 1328 668 1388 iuvenis!
690 1331 734 1388 sie
756 1336 892 1388 creseunt
915 1328 1032 1388 erimina
1051 1331 1160 1390 matris.

224 1410 288 1471 Neo
310 1419 418 1471 tantum
440 1413 551 1491 pietas,
570 1413 624 1473 sed
647 1415 779 1492 protinus
798 1413 886 1473 ardua
906 1413 997 1472 virtus
1059 1435 1069 1442 ·

225 1495 371 1556 Alleetata
392 1494 453 1556 tibi.
496 1495 598 1575 Nuper
620 1515 706 1576 quum
728 1499 805 1558 forte
826 1497 937 1558 sodalis
1092 1570 1094 1574 ⁸

226 1580 380 1641 Inmeritae
401 1580 478 1640 lalso
500 1581 627 1659 palleret
649 1583 768 1642 erimine
789 1582 895 1658 lamae,
1173 1592 1226 1645 100

225 1665 420 1743 Erigeretque
439 1665 533 1725 lorum
555 1669 763 1746 succinctaque
782 1666 880 1727 iudice
901 1665 991 1726 multo

226 1751 367 1828 Surgeret
386 1758 417 1808 et
437 1759 546 1810 eastum
566 1750 695 1811 vibraret
715 1751 792 1812 Julia
810 1750 935 1820 inlatam

193 1826 198 1843 ‘
226 1834 284 1911 Tu,
308 1851 478 1912 quamquam
499 1853 557 1896 non
578 1845 644 1896 ante
667 1837 762 1896 lorum
784 1837 933 1916 legesque
948 1854 1071 1897 severas

109 1979 111 1985 s
179 1918 198 1960 s
225 1919 348 1994 Passus,
370 1918 423 1978 sed
444 1920 531 1981 tacita
553 1921 712 1981 studiorum
732 1921 865 1981 ooeultns
887 1920 1049 1997 inumbra,

224 2003 388 2064 Defensare
409 2012 501 2063 metus
520 2005 704 2085 adversaque
725 2006 788 2066 tela
807 2004 910 2066 subisti
1175 2016 1225 2069 105
1347 2016 1348 2039 ³

224 2089 356 2165 Pellene,
381 2089 498 2148 inermis
519 2089 612 2156 adbuc
634 2100 664 2150 et
684 2092 760 2167 tiro,
783 2093 917 2171 paventis
939 2091 1033 2150 amioi.
1136 2124 1140 2134 ·

225 2168 305 2235 Haud
328 2192 460 2253 umquam
481 2175 555 2236 tales
575 2176 709 2255 adspexit
730 2176 872 2236 Romulus
893 2191 985 2237 annos

224 2259 420 2338 Dardaniique
442 2276 547 2336 senes,
571 2261 659 2321 medii
680 2260 795 2321 bellare
816 2268 916 2338 togata

225 2345 329 2421 Strage
352 2343 418 2403 lori.
464 2344 609 2423 Stupuere
628 2354 729 2423 patres
746 2347 903 2406 tentamina
924 2354 1003 2405 tauta

225 2425 411 2507 conatusque
433 2438 515 2505 tuos,
538 2446 592 2507 pro
613 2438 644 2489 te
665 2448 734 2491 reus
754 2431 820 2508 ipse
838 2430 967 2490 timebat.
1174 2440 1226 2494 110

287 2511 342 2572 Ρ11
360 2514 447 2590 vigor
464 2522 494 2572 et
514 2512 669 2591 membris,
695 2524 909 2593 promptaeque
929 2515 967 2575 ad
987 2514 1076 2575 fortia
1096 2516 1176 2574 vires

225 2596 377 2657 Sullieiunt
398 2598 492 2657 animo
511 2606 598 2677 atque
621 2599 749 2675 ingentia
767 2600 846 2660 iussa
868 2608 1036 2678 sequuntur.

224 2681 293 2760 lpse
313 2698 370 2758 ego
392 2690 422 2741 te
441 2700 535 2762 nuper
557 2680 695 2743 Tiberino
717 2684 745 2742 in
767 2683 854 2743 litore
871 2684 943 2761 vidi,

225 2765 288 2840 Qua
310 2765 460 2842 'lyrrbena
479 2767 562 2827 vadis
583 2766 774 2828 Laurentibus
795 2776 911 2828 aestuat
932 2767 1018 2843 11111,

223 2851 400 2911 Pendentem
419 2854 448 2912 in
469 2868 570 2911 aursus
588 2861 802 2931 vexantemque
821 2852 872 2913 ilia
892 2852 969 2913 nuda
1174 2862 1227 2916 115

225 2933 317 2996 Galae
338 2935 449 2996 leroois
471 2937 554 3014 equi,
577 2937 657 2997 vultu
680 2938 841 3015 dextraque
863 2938 1018 3004 minacem:

90 2990 93 2997 Ι
144 3021 147 3026 ’
224 3020 256 3080 Si
278 3037 334 3098 qua
356 3020 429 3079 fides
452 3019 553 3095 dietis,
576 3023 672 3101 stupui
695 3030 892 3099 armatumque
912 3022 1020 3100 putavi.
1138 3074 1142 3081 .

223 3102 329 3165 Getulo
353 3104 396 3163 sie
416 3104 541 3183 pulober
563 3122 640 3184 equo
656 3105 840 3185 Troianaque
852 3121 1005 3184 quassans

158 3262 160 3267 Ι
224 3186 296 3248 'lela
316 3188 490 3250 novercales
512 3188 572 3251 ibat
592 3199 717 3251 venator
735 3191 764 3250 11
786 3203 875 3268 agros

224 3273 367 3332 llseanius
386 3274 579 3353 miseramque
601 3276 675 3353 patri
695 3274 837 3352 flagrabat
857 3272 978 3335 Elisam.
1175 3283 1226 3339 110

224 3356 338 3417 Troilus
360 3355 436 3419 baud
459 3358 544 3419 aliter
564 3376 638 3436 gyro
660 3358 798 3419 breviore
816 3359 958 3419 minantes

222 3441 367 3503 Elndebat
389 3459 499 3522 equos,
521 3452 572 3503 aut
590 3460 676 3522 quem
696 3444 734 3503 de
753 3442 880 3503 turribus
902 3442 988 3504 altiss

223 3527 354 3587 Arcadas
378 3524 493 3605 Ogygio
514 3536 680 3589 versantem
697 3528 730 3587 in
750 3528 875 3607 pulvere
895 3537 1004 3590 turmas

223 3611 402 3692 Spectabunt
422 3610 529 3688 l’yriae
550 3628 608 3672 non
628 3620 715 3671 torvo
737 3612 842 3673 lumine
861 3621 979 3675 matres.
1087 3648 1094 3657 -

285 3694 366 3774 Ergo
384 3714 456 3775 age,
476 3712 541 3759 narn
562 3696 661 3775 magni
678 3696 760 3760 dueis
780 3696 960 3778 indulgentia
981 3697 1088 3778 pulsat,
1174 3709 1225 3762 115
