2842 4300
491 373 693 428 nmmos
715 375 785 427 utu.
808 375 846 426 11.
1128 364 1166 424 41

174 530 242 593 Non
263 530 357 612 parcit
372 526 492 613 populis
509 549 631 611 regnum
652 531 759 604 breve;
780 531 915 612 respice,
934 541 1056 610 quarum

173 616 302 694 llorror,
323 625 353 676 et
371 619 483 679 attoniti
502 627 603 678 nostro
623 619 652 678 in
672 619 838 680 discrimine
859 615 956 678 eires!

174 700 275 763 llosne
291 718 366 779 ego,
388 703 454 782 quis
469 711 551 764 certa
568 711 615 763 est
632 701 687 762 suh
702 712 733 764 te
747 703 822 765 duce
841 718 952 782 poene,
968 699 1148 782 relinquam?

174 785 284 862 lratus,
304 804 463 864 germane,
484 788 577 848 venis.
620 785 680 847 Fac
702 787 799 864 velle,
821 803 877 848 nec
898 786 966 866 ipsi,

175 870 313 932 simodo
334 879 420 932 notus
440 889 522 932 amor
541 872 693 950 meritique
716 881 761 932 est
779 873 888 950 gretia,
912 878 1012 951 patres
1118 881 1171 934 450

174 955 312 1016 Reddere
330 974 422 1034 regna
442 958 560 1017 sinent’
602 954 668 1016 Non
688 956 765 1018 ultra
781 973 903 1036 passus,
925 963 955 1017 et
975 972 1043 1016 orsu

173 1040 277 1102 iniecit
294 1039 397 1102 mediis
418 1040 599 1102 sermonibus
621 1040 725 1102 ohria:
748 1040 892 1118 ‘Reddes,

175 1124 351 1203 ingeminat,
374 1125 499 1201 reddes3
519 1142 577 1186 non
598 1125 624 1185 si
644 1135 673 1186 te
691 1125 807 1188 ferreus
828 1143 921 1203 agger

174 1209 307 1286 Ambiat,
328 1218 378 1270 aut
400 1211 533 1290 triplices
554 1209 612 1270 alio
634 1210 687 1271 tihi
706 1211 833 1272 carmine
853 1227 952 1271 muros

173 1293 320 1374 Amphion
341 1294 453 1356 auditus
474 1303 556 1373 agam
574 1294 616 1355 nil
635 1295 713 1373 tela,
735 1313 791 1356 uec
812 1295 896 1373 ignes
1118 1305 1169 1359 455

176 1377 362 1457 Ohstiterint,
383 1381 451 1458 quin
468 1397 539 1440 ausa
559 1379 623 1440 luas
644 1381 811 1459 nostrisque
831 1379 884 1440 sub
909 1379 995 1440 armis
1092 1437 1094 1442 .

176 1460 300 1542 Oeptivo
320 1463 508 1525 moribundus
529 1463 644 1525 humum
664 1464 827 1526 diademate
848 1464 959 1544 pulses.

175 1546 220 1608 'iu
240 1548 359 1610 merito:
380 1559 425 1610 ast
444 1550 546 1610 horum
565 1550 701 1625 miseret,
725 1565 799 1628 qnos
819 1549 958 1628 sunguine
977 1547 1053 1610 viles

176 1631 357 1711 coningibus
378 1635 511 1712 natisque
532 1632 647 1694 infanda
669 1633 706 1695 ad
727 1632 840 1712 proelia
861 1642 962 1713 reptos

173 1717 286 1778 Proieis
304 1718 436 1794 excidio,
458 1717 619 1778 bouerex.
664 1716 689 1778 0
710 1727 816 1796 quanta
837 1715 995 1778 Oithaeron
1116 1724 1169 1780 too

172 1801 305 1878 Funera,
329 1804 554 1881 sanguineisque
574 1802 675 1878 radis,
694 1801 825 1879 lemene,
846 1801 971 1863 rotabis!
1092 1861 1095 1866 ,

171 1886 254 1948 llaec
274 1887 385 1966 pietas,
407 1887 483 1948 haec
503 1903 607 1964 magna
625 1885 714 1946 lides!
737 1905 793 1948 neo
814 1886 930 1947 crimina
950 1886 1046 1963 gentis
1112 1915 1113 1919 =

172 1971 246 2032 hlira
267 1971 401 2050 equidem
422 1972 514 2038 duco:
537 1972 581 2030 sic
601 1971 712 2049 primus
732 1971 879 2048 sanguinis
901 1978 1004 2032 auctor

172 2055 339 2134 lneestique
361 2064 475 2135 patrum
494 2053 626 2130 thalami,
648 2053 702 2114 sed
723 2052 797 2114 fallit
815 2055 916 2132 origo:

85 2184 89 2191 ·
173 2139 344 2221 Oedipodes
361 2149 391 2201 tu
412 2139 495 2201 solus
516 2158 601 2217 eras,
623 2138 699 2201 haec
720 2141 848 2218 praemia
868 2156 979 2200 morum
1115 2145 1166 2202 465

173 2226 220 2286 Ae
242 2225 383 2302 sceleris,
404 2225 551 2301 violente,
569 2224 664 2285 feres:
687 2240 742 2284 nos
765 2225 914 2303 poscimus
935 2240 1046 2284 annum.

171 2310 233 2372 Sed
254 2314 373 2370 moror?
417 2308 499 2371 llaec
516 2309 611 2371 uudax
631 2309 783 2369 etiamnum
804 2309 833 2368 in
851 2308 948 2370 limine
968 2316 1048 2369 retro

171 2394 364 2470 Vociferans,
386 2394 442 2454 iam
460 2403 528 2455 tunc
548 2394 662 2473 inpulsu
683 2408 739 2472 per
760 2394 873 2471 agmins
895 2410 1051 2474 praeceps,

170 2478 288 2541 Evolat.
332 2477 451 2540 Oeneae
468 2477 577 2539 vindex
598 2480 642 2538 sio
664 2478 715 2538 ille
736 2476 847 2539 Dianae

171 2564 297 2625 Erectus
320 2564 391 2623 setis
412 2572 442 2623 et
463 2563 592 2625 aduncae
610 2562 730 2623 iulmine
750 2562 855 2640 malae,
990 2559 995 2573 ¹
1112 2568 1166 2625 470

172 2649 278 2724 Quum,
290 2657 439 2727 premeret
457 2647 587 2726 Pelopea
607 2645 750 2727 phalanx,
771 2665 843 2708 saxa
864 2644 951 2707 obvia
971 2645 1094 2707 volvens

170 2732 334 2812 Fractaque
352 2732 496 2811 perfossis
517 2731 635 2793 arhusta
651 2729 794 2792 Achelois
814 2732 897 2811 ripis,

171 2816 233 2878 lam
254 2816 412 2878 Telamona
432 2817 517 2892 solo,
540 2817 595 2877 iem
616 2824 737 2877 stratum
756 2814 859 2876 lxiona
874 2815 1017 2893 linquens,

172 2901 232 2978 Te,
253 2900 420 2979 hleleagre,
442 2900 533 2961 suhit:
555 2900 594 2960 ihi
612 2901 726 2962 demum
748 2899 870 2980 cuspide
892 2898 950 2961 lata

170 2986 272 3047 Haesit
293 2994 323 3046 et
343 2985 451 3046 obnixo
472 2986 581 3045 ierrum
602 2984 712 3046 laxavit
731 2984 760 3044 in
781 3001 872 3045 armo.
1111 2993 1164 3053 ms

237 3069 315 3131 Talis
335 3070 429 3131 adhuc
449 3069 593 3149 trepidum
613 3068 697 3149 liquit
718 3066 893 3146 Calydonius
912 3067 1002 3130 heros

171 3153 351 3231 Concilium,
373 3155 540 3215 infrendens
559 3155 616 3233 ipsi
637 3172 692 3215 eeu
713 3172 806 3231 regna
827 3162 981 3231 negentur,

170 3239 358 3319 Festinatqne
377 3240 439 3299 vias
455 3256 622 3317 ramumque
642 3239 790 3318 precantis
808 3238 904 3299 olivae

169 3324 291 3384 lihieit..
323 3322 470 3384 Attonitae
489 3332 632 3384 tectorum
652 3342 691 3383 ex
708 3322 832 3383 culmine
854 3340 963 3384 summo

167 3409 361 3488 Prospectant
385 3417 509 3484 matres,
529 3424 680 3487 saeuoque
696 3408 811 3468 inianda
831 3416 987 3487 precantur
1111 3417 1165 3473 480

169 3492 301 3554 Oenidae
322 3493 469 3571 tacitoque
490 3492 574 3553 simul
595 3492 649 3553 suh
671 3502 795 3572 pectore
817 3493 892 3570 regi.

230 3576 294 3639 Nec
311 3578 398 3656 piger
417 3577 535 3654 ingenio
557 3577 702 3638 scelerum
723 3576 889 3656 fraudisque
909 3577 1052 3641 nefandae

167 3660 278 3723 Rector
299 3670 378 3740 eget.
424 3660 561 3722 iuvenum
581 3661 657 3723 lidos
679 3662 839 3725 lectissime
861 3662 943 3725 hello
