2842 4300
533 407 710 458 SlLVdRUM
730 409 762 457 L.
779 409 802 456 1.
1130 398 1168 456 17

160 564 224 643 lpse
246 549 413 638 Anien—
432 563 560 626 miranda
585 563 659 624 lides
680 596 722 612 —·
742 563 874 644 iulraque
898 581 1046 644 superque
1136 575 1171 628 bb

160 651 293 725 Saxeus,
321 649 370 709 hic
391 649 529 710 tumidam
550 649 665 709 rabiem·
681 666 879 729 spumosaque
903 652 986 729 ponit

157 733 326 811 Murmura,
346 753 403 794 ceu
425 734 533 814 placidi
554 735 662 796 veritus
679 733 803 818 'turbare
824 733 946 814 Vopisci

156 819 337 898 Pieriosque
360 817 424 879 dies
445 828 475 878 et
496 819 639 880 habentes
662 820 788 880 carmina
810 837 939 880 somnos.

155 904 233 962 Litus
258 913 418 982 utrumque
440 902 534 979 domi,
555 922 613 968 uec
635 912 665 964 te
684 905 850 965 mitissimus
870 906 960 964 amuis

153 988 280 1049 Dividit.
327 988 464 1050 Alternas
482 997 601 1050 servant
624 989 773 1067 praetoria
794 992 875 1068 ripas
1134 998 1169 1054 25

153 1073 220 1132 Non
245 1082 375 1134 externa
397 1073 452 1132 sibi
475 1073 629 1134 fluviumve
653 1073 772 1134 obstare
793 1082 960 1152 queruntur.

218 1159 380 1218 Sestiacos
399 1177 474 1218 nuuc
498 1157 573 1219 lama
595 1159 674 1218 sinus
696 1158 881 1237 pelagusque
902 1167 1028 1220 natatum

153 1243 250 1304 lactet
275 1253 309 1303 et
330 1243 431 1304 audaci
453 1244 568 1302 iunctos
592 1241 744 1321 delphinas
767 1242 900 1322 ephebo!

153 1326 208 1388 liic
232 1338 362 1388 aeterna
383 1328 484 1406 quies,
508 1327 594 1388 nullis
616 1326 663 1386 bic
684 1329 746 1387 iura
768 1328 920 1406 procellis,

153 1411 325 1492 Numquam
347 1412 448 1472 fervor
472 1413 565 1490 aquis.
604 1409 696 1472 Datur
716 1411 763 1472 hic
785 1415 981 1474 transmittere
1003 1412 1083 1473 visus
1132 1421 1168 1475 30

155 1494 192 1556 Et
214 1515 317 1557 voces
338 1506 368 1557 et
389 1514 484 1577 paene
503 1515 613 1557 manus.
659 1497 709 1556 Sic
730 1494 869 1558 Chalcida
890 1497 994 1560 ductus

155 1580 326 1662 Expellam
347 1580 444 1656 duvii,
468 1583 512 1642 sic
534 1581 691 1642 dissociata
712 1581 858 1660 profundo

155 1666 273 1728 Bruttia
295 1667 441 1727 Sicanium
464 1667 661 1744 circumspicit
682 1683 734 1726 ora
753 1665 898 1728 Pelorum.

221 1749 305 1825 Quid
327 1752 448 1832 primum
469 1751 632 1812 mediumve
655 1769 766 1827 canam,
789 1769 847 1830 quo
868 1753 925 1812 line
944 1751 1114 1831 quiescam?

157 1835 329 1896 Auratasne
347 1835 464 1911 trabes,
489 1855 525 1896 an
545 1833 663 1896 blauros
683 1835 809 1914 undique
830 1846 944 1915 postes,
1131 1846 1166 1899 35

158 1921 204 1980 hu
227 1922 375 2000 picturata
396 1919 523 1980 lucentia
542 1937 684 1980 marmora
705 1938 781 1980 vena

158 2003 269 2084 iliter,
294 2023 332 2066 an
353 2005 476 2066 emissas
498 2023 553 2084 per
575 2013 678 2085 cuncta
701 2005 809 2066 cubilia
827 2004 990 2084 nymphas?

157 2089 222 2150 iluc
247 2091 361 2168 oculis,
384 2088 441 2148 buc
461 2098 556 2150 mente
580 2088 689 2148 trahor.
733 2089 912 2160 Venerabile
935 2089 1028 2150 dicam

158 2175 308 2237 Locorum
329 2172 463 2235 senium?
484 2184 532 2251 te,
556 2191 631 2254 quae
655 2174 729 2235 vada
750 2174 874 2234 huminis
896 2175 970 2233 inira

160 2258 287 2337 Cernis,
310 2277 347 2320 an
365 2259 401 2320 ad
419 2260 509 2321 silvas
527 2276 603 2338 quae
622 2260 763 2337 respicis,
787 2259 870 2335 aula,
892 2255 1046 2320 tacentes?

161 2344 225 2418 Qua
246 2344 302 2405 tibi
323 2353 384 2405 tota
406 2347 508 2423 quies,
530 2344 702 2424 offensaque
723 2344 839 2405 turbiue
859 2344 939 2404 nullo

159 2426 230 2490 Nox
255 2430 323 2490 silet
342 2438 372 2490 et
393 2430 494 2507 nigros
513 2430 650 2490 imitantia
671 2446 815 2489 murmura
836 2429 976 2489 somnos?

161 2513 208 2573 An
232 2532 309 2593 quae
330 2515 480 2593 graminea
500 2524 639 2594 suscepta
660 2514 811 2592 crepidine
833 2514 942 2575 famant

160 2597 274 2660 Balnea
297 2607 328 2659 et
349 2600 505 2677 inpositum
523 2599 595 2677 ripis
617 2598 783 2676 algentibus
804 2597 922 2676 ignem?

161 2682 290 2763 Quaque
312 2683 489 2762 vaporiferis
510 2684 623 2743 iunctus
645 2683 814 2744 fornacibus
833 2685 924 2744 amuis

163 2765 254 2830 llidet
274 2767 444 2829 anhelantes
466 2769 562 2837 vicino
583 2767 699 2828 humine
720 2765 883 2847 nymphas?

227 2852 297 2913 Vidi
317 2860 396 2912 artes
417 2861 608 2931 veterumque
630 2870 730 2913 manus
750 2853 899 2931 variisque
920 2854 1038 2915 metalla

163 2934 238 3011 Viva
259 2936 362 2997 modis.
406 2936 503 2997 babor
522 2946 569 2997 est
586 2937 648 2997 auri
669 2954 832 2997 memorare
852 2937 973 3015 ligures,

163 3020 222 3082 hut
240 3022 315 3082 ebur
335 3030 384 3081 aut
402 3022 504 3098 dignas
528 3020 625 3099 digitis
647 3023 819 3099 contingere
841 3040 984 3100 gemmas,

164 3102 310 3185 Quidquid
329 3115 358 3169 et
375 3108 641 3185 argento-primum
662 3106 711 3166 vel
734 3108 762 3165 in
785 3124 855 3167 aere
880 3106 1009 3183 llyronis

164 3188 244 3251 Lusit
266 3199 297 3250 et
318 3207 453 3251 enormes
473 3208 573 3251 manus
593 3199 642 3251 est
663 3199 786 3269 experta
810 3191 957 3251 colossos.

163 3272 238 3335 Dum
259 3292 353 3352 vagor
376 3274 519 3353 adspectu
540 3276 680 3353 visusque
696 3292 758 3354 per
778 3277 873 3337 omnia
896 3276 985 3353 duco,

165 3356 322 3419 calcabam
344 3360 507 3438 necopinus
526 3376 613 3439 opes.
649 3357 730 3419 ‘Nam
751 3360 893 3439 splendor
913 3360 950 3422 ab
972 3362 1032 3424 alto

163 3441 285 3503 Defluus
308 3453 338 3503 et
359 3443 477 3503 nitidum
500 3444 666 3505 relerentes
686 3462 758 3505 aera
779 3452 873 3504 testae
958 3477 962 3484 ·

163 3525 365 3589 Monstravere
389 3528 496 3597 solum;
519 3529 616 3589 varias
637 3527 686 3587 ubi
708 3529 788 3607 picta
810 3546 865 3607 per
885 3538 978 3591 artes·

165 3610 277 3673 Gaudet
296 3612 399 3675 humus
417 3621 595 3694 superatque
617 3614 710 3673 novis·
724 3622 841 3674 asarota
861 3613 971 3691 liguris.

164 3693 321 3777 Expavere
342 3697 460 3775 gradus.
505 3697 580 3773 Quid
602 3715 677 3758 nunc
699 3696 827 3775 iugentia
849 3699 947 3776 mirer,

205 3796 388 3845 snsn1us1.
983 3782 1002 3841 2
