2842 4300
259 343 319 402 214
594 356 626 404 Ρ.
649 355 783 404 naemu
804 356 922 405 suanm

259 513 392 589 Frontis,
418 520 447 573 et
467 511 594 573 oblatam
615 510 764 588 Polynicis
785 530 904 572 manere
924 521 1009 589 grato

258 598 390 660 Loricam
410 597 584 675 galeamque
604 595 694 665 subit:
716 597 798 657 ferus
816 597 926 657 Actora
946 614 1051 675 magno

259 682 339 745 Ense
360 691 463 759 gravat
481 680 651 761 Capaneus,
678 683 743 761 ipse
764 680 840 742 baud
858 682 991 759 dignatus
1011 684 1040 741 in
1062 682 1190 744 bostem

259 767 306 829 lre
329 767 398 827 dolo
420 784 604 845 superosque
622 768 722 844 sequi;
743 776 888 845 permutat
907 766 1052 844 Agylleus
1179 795 1183 805 τ

260 853 349 913 Arma
371 852 460 911 trucis
481 850 591 911 Nomii:
620 852 689 931 quid
711 852 787 911 enim
806 851 974 913 fallentibus
994 852 1103 913 umbris
1224 865 1277 919 260

260 938 372 1012 Arcus,
396 944 426 995 et
446 935 610 997 Herculeae
630 938 772 997 iuvissent
789 935 869 997 bella
887 933 1032 1013 sagittae?

208 1052 210 1057 v
324 1020 393 1082 lnde
416 1038 470 1099 per
492 1020 630 1100 abruptas
652 1030 812 1082 castrorum
833 1038 873 1081 ex
892 1037 1004 1098 aggere
1026 1023 1144 1101 pinnas,

259 1107 305 1167 Ne
325 1106 423 1184 gravis
446 1105 591 1165 exclamet
610 1115 715 1184 portae
733 1108 860 1183 mugitus
878 1104 1001 1181 aberrare,

258 1192 454 1270 Praecipitant
474 1190 564 1259 saltu;
590 1208 647 1250 nec
668 1190 802 1268 longum,
827 1199 858 1249 et
876 1192 1007 1269 protinus
1028 1192 1143 1268 ingens-

258 1275 369 1337 Praeda
391 1274 457 1335 solo
480 1292 535 1335 ceu
555 1276 611 1335 iam
633 1277 781 1337 examines
801 1274 952 1353 multoque
971 1277 1083 1354 peracti
1222 1288 1274 1342 265

258 1360 339 1422 Ense
361 1362 467 1421 iacent.
509 1358 583 1436 ‘lte‚
607 1376 625 1419 o
647 1361 740 1436 socii,
761 1377 943 1439 quacumque
962 1360 1101 1439 voluptas

260 1444 366 1506 Caedis
389 1443 577 1504 inexhaustae
599 1446 773 1523 superisque
792 1443 974 1520 faventibus,
996 1461 1061 1522 oro,

260 1530 409 1606 subicite,
431 1528 562 1589 hortatur
583 1528 663 1589 clara
680 1530 737 1588 iarn
756 1544 834 1588 voce
855 1528 1013 1589 sacerdos:

262 1613 388 1675 Cernitis
410 1616 559 1692 expositas
579 1614 656 1692 turpi
677 1629 812 1673 marcore
833 1613 983 1673 cobortes.

259 1700 316 1761 Pro
339 1698 446 1777 pudor!
480 1697 636 1775 Argolicas
656 1697 724 1757 bine
745 1698 807 1757 ansi
829 1697 968 1757 obsidere
989 1707 1102 1777 portas,
1221 1710 1274 1766 ato

259 1784 295 1845 Hi
317 1800 436 1845 servare
456 1779 578 1843 viros‘l’
612 1784 663 1843 Sic
682 1782 776 1859 latus,
798 1791 830 1842 et
850 1784 931 1842 exuit
951 1801 1051 1843 ensem

258 1868 436 1930 Fulmineum
456 1867 616 1946 rapidaque
636 1886 720 1929 mann
741 1868 893 1928 morientia
913 1869 1015 1927 transit

260 1954 392 2031 Agmina.
433 1951 504 2026 Quis
525 1962 656 2013 numeret
676 1953 804 2028 caedes,
825 1960 874 2013 aut
894 1954 1010 2012 nomine
1029 1953 1145 2014 turbam

259 2038 429 2099 Exanimem
452 2039 567 2115 signare
591 2034 700 2117 queat?
728 2036 806 2096 subit
824 2037 926 2097 ordine
950 2036 1031 2097 nullo

259 2122 414 2203 Tergaque
433 2131 630 2202 pectoraque,
653 2131 684 2183 et
704 2122 801 2200 galeis
819 2121 930 2182 inclusa
951 2120 1090 2200 relinquit
1217 2132 1269 2190 275

258 2207 403 2268 blnrmnra
425 2208 641 2286 permiscetque
661 2225 756 2286 vagos
775 2208 805 2266 in
826 2209 965 2284 sanguine
985 2223 1103 2267 maces:

258 2293 341 2353 Hunc
362 2301 473 2351 temere
496 2291 663 2370 explicitum
685 2293 799 2367 stratis,
821 2290 898 2350 bunc
916 2308 985 2352 sero
1005 2294 1139 2353 remissis

260 2375 415 2438 Gressibns
433 2374 575 2454 inlapsum
598 2375 695 2454 clipeo
716 2385 746 2436 et
765 2375 842 2435 urale
864 2376 925 2435 tela
944 2385 1103 2453 tenentem,

261 2460 401 2522 Goetibus
422 2458 478 2518 bos
499 2459 600 2519 mediis
619 2461 685 2520 vina
707 2463 782 2520 inter
803 2469 833 2520 et
852 2479 930 2521 arma
951 2461 1092 2539 iacentes,

259 2545 400 2606 Acclines
422 2543 526 2622 clipeis
548 2543 639 2619 alios,
664 2553 694 2603 ut
715 2563 859 2623 quemque
881 2545 999 2622 ligatum
1213 2559 1266 2613 28⁰
1317 2611 1318 2629 q

258 2630 364 2691 Infelix
383 2627 489 2689 tellure
508 2645 599 2708 sopor
621 2645 815 2707 supremaque
832 2630 926 2690 nubes

259 2714 412 2776 Obruerat.
455 2711 518 2773 Nee
538 2731 643 2773 numen
663 2713 762 2789 abest,
784 2724 951 2793 armataque
971 2713 1043 2774 lnno

258 2799 399 2861 Lunarem
422 2799 553 2876 quatiens
576 2808 678 2858 exerta
700 2798 831 2876 lampada
852 2799 956 2859 dextra
1043 2809 1050 2822 ·

258 2884 360 2945 Pandit
380 2885 436 2943 iter
456 2881 606 2960 firmatque
628 2884 740 2943 animos
760 2892 790 2942 et
810 2900 935 2961 corpora
957 2891 1108 2944 monstrat.

260 2970 353 3030 Sentit
374 2967 480 3027 adesse
503 2966 587 3026 deam
606 2970 727 3044 tacitus,
753 2967 806 3028 sed
826 2968 931 3045 gandia
953 2968 1032 3028 celat
1214 2981 1265 3035 aas

260 3051 448 3118 Thiodamas;
471 3051 526 3110 iam
547 3051 628 3112 tarda
650 3071 766 3126 manus,
792 3055 848 3112 iam
866 3052 964 3112 debile
984 3051 1094 3112 ferrum

258 3136 297 3197 Et
320 3135 480 3213 caligantes
502 3136 594 3195 nimiis
616 3137 803 3197 successibus
823 3139 896 3196 irae.

259 3219 367 3298 Caspia
388 3237 446 3279 nou
467 3220 554 3280 aliter
573 3235 742 3299 magnorum
761 3223 791 3281 in
810 3231 910 3298 strage
928 3223 1082 3284 iuvencum

260 3303 372 3382 Tigris,
394 3305 445 3364 ubi
463 3306 593 3365 inmenso
613 3305 711 3365 rabies
730 3306 846 3385 placata
867 3323 973 3365 cruore

259 3388 447 3469 Lassavitqne
469 3407 561 3467 genas
581 3399 610 3450 et
633 3407 734 3450 crasso
755 3391 872 3451 sordida
890 3389 959 3450 tabo
1177 3449 1181 3461 ,
1214 3404 1267 3461 aad

259 3472 395 3536 Contudit
415 3475 557 3551 maculas,
580 3483 694 3553 spectat
716 3478 767 3534 'saa
788 3475 865 3535 iacta
883 3473 1023 3553 doletque

259 3557 415 3621 Deiecisse
437 3560 550 3620 famem.
590 3559 698 3618 Victus
714 3560 757 3617 sic
775 3576 868 3634 augur
883 3560 992 3618 inerrat

260 3641 406 3707 Caedibus
427 3644 544 3713 Aoniis;
568 3651 650 3722 optet
670 3660 746 3702 nunc
766 3641 885 3703 brachia
903 3651 1018 3703 centum
