2842 4300
243 297 284 362 36
582 311 614 360 a.
632 309 767 360 esernn
788 308 904 360 sanun
1004 311 1010 324 ·

242 467 394 528 Excusare
415 475 508 529 toros.
551 464 667 528 Celsum
688 465 879 528 subeuntibus
899 483 997 528 arcem

242 552 275 614 lu
297 552 436 630 gradibus
457 553 557 612 summi
578 552 730 633 delapsum
752 552 876 613 culmine
895 551 997 632 templi

242 637 376 698 Arcados
396 637 503 718 Euippi
524 637 650 718 spolium
671 635 748 697 cadit
771 655 876 698 aereus
898 637 990 712 orbis,

241 722 480 802 Praemissasquc
502 722 601 799 iaces,
624 723 730 782 festum
751 721 925 782 nubentibus
949 723 1054 800 iguem,

164 874 168 882 ,
242 805 359 884 Obruit,
384 826 460 887 eque
480 807 573 884 adytis
592 807 676 867 simul
699 806 834 867 exaudita
854 808 974 868 remotis
1186 813 1245 870 26⁰

239 889 373 952 Nondum
394 909 481 952 ausos
502 893 617 953 lirmare
638 891 759 970 gradum
777 890 845 951 tuba
864 892 966 952 terruit
983 893 1096 970 ingens.

303 974 336 1035 ln
356 995 457 1054 regem
482 978 617 1037 conversi
640 994 740 1036 omnes
761 975 912 1036 formidine
934 978 1036 1054 prima,

239 1058 310 1120 blox
331 1061 447 1122 audisse
469 1071 589 1139 negant;
612 1070 734 1121 cunctos
755 1069 851 1121 tamen
874 1061 968 1121 omina
989 1078 1086 1122 rerum

239 1143 310 1204 Dira
327 1155 462 1222 movent,
484 1147 631 1225 variisque
653 1155 760 1206 metum
781 1143 963 1206 sermonibus
985 1155 1100 1224 augent.

238 1228 303 1288 Nec
322 1230 438 1290 mirum:
461 1249 525 1291 nam
546 1240 577 1291 tu
596 1230 739 1291 infaustos
760 1230 885 1290 donante
905 1231 1008 1291 marito
1186 1239 1245 1295 265

239 1311 363 1374 Ornatus
386 1314 477 1393 Argia
493 1317 574 1393 geris
591 1315 741 1393 dirumque
757 1315 865 1375 monile

238 1396 419 1460 llarmonies.
459 1399 559 1478 Longa
582 1409 628 1460 est
649 1401 761 1476 series,
786 1399 838 1460 sed
859 1408 927 1460 nota
948 1398 1088 1460 malorum

238 1482 424 1562 Persequar,
446 1485 523 1545 unde
544 1486 627 1544 novis
648 1493 705 1544 tam
724 1502 813 1544 saeva
831 1484 960 1562 potentia
983 1483 1076 1545 donis.

301 1566 434 1628 Lemnius
452 1569 543 1645 baec,
562 1577 593 1627 ut
613 1569 709 1647 prisca
731 1568 819 1643 tides,
841 1567 982 1629 Mavortia
1002 1568 1121 1646 longum

238 1651 326 1712 Furta
348 1652 471 1730 dolens,
495 1661 581 1731 capto
604 1661 758 1731 postquam
777 1652 847 1712 nibil
867 1652 964 1714 obstat
982 1654 1071 1714 amori
1185 1661 1242 1717 270

238 1736 354 1813 Poena,
374 1756 430 1797 nec
451 1736 571 1796 ultrices
590 1737 774 1814 castigavere
798 1746 930 1814 catenae,
986 1761 989 1768 ¹

237 1819 410 1881 Harmonice
429 1821 527 1882 dotale
552 1820 643 1881 decus
666 1821 720 1880 sub
741 1821 808 1882 luce
832 1823 921 1900 iugali

239 1905 401 1966 struxerat.
449 1906 531 1982 lloc,
554 1905 632 1966 docti
655 1924 827 1984 quamquam
847 1908 975 1983 maiora,
999 1905 1131 1968 laborant

241 1988 411 2069 Cyclopes,
434 1992 553 2069 notique
575 2007 696 2069 operum
719 1990 875 2051 Telchines
894 1992 984 2052 amica

240 2072 378 2134 Certatim
399 2077 500 2136 iuvere
519 2093 619 2152 manus,
639 2075 692 2135 sed
714 2075 853 2154 plurimus
875 2077 931 2155 ipsi
1186 2087 1239 2144 275

239 2160 345 2220 Sudor.
387 2159 431 2220 lbi
452 2160 721 2221 arcano-florentes
743 2162 810 2238 igne
832 2160 1002 2238 smaragdus

240 2242 336 2322 cingit
358 2254 388 2305 et
408 2244 547 2305 infaustas
570 2263 741 2324 percussum
761 2244 910 2305 adamanta
929 2246 1037 2323 figuras
1102 2263 1104 2267 ·

239 2328 474 2407 Gorgoneosque
492 2329 600 2404 orbes,
622 2330 779 2409 Siculaque
799 2329 903 2389 incude
924 2330 1047 2391 relictos

237 2412 376 2473 Fulminis
399 2415 520 2473 extremi
543 2414 657 2473 cineres
678 2414 857 2492 viridumque
875 2414 1031 2476 draconum

237 2498 382 2559 lucentes
405 2516 421 2559 a
441 2497 536 2558 fronte
556 2497 653 2567 iubas;
677 2498 725 2557 bio
745 2497 843 2559 flebile
869 2517 990 2577 germen
1186 2511 1242 2565 280

237 2581 431 2663 Hesperidum
453 2592 482 2643 et
503 2584 594 2644 dirum
615 2582 759 2658 Pbryxaei
780 2583 905 2643 velleris.
923 2601 1031 2645 aurum.

239 2665 311 2727 Tum
331 2670 427 2729 varias
448 2677 548 2748 pestes
568 2677 739 2747 raptumque
758 2668 923 2747 interplicat
945 2677 1010 2729 atro

238 2750 414 2832 Tisiphones
434 2753 472 2815 de
493 2754 573 2813 crine
593 2752 711 2829 ducem,
735 2763 764 2813 et
784 2772 858 2833 qnae
880 2754 1007 2833 pessima
1029 2763 1132 2815 ceston

237 2836 291 2896 Vis
312 2837 431 2916 probat;
453 2838 526 2897 baec
546 2837 654 2897 circum
671 2839 780 2916 spumis
803 2838 949 2898 lunaribus
968 2840 1049 2915 ungit

239 2919 369 2982 Callidus
390 2932 477 3000 atque
498 2920 582 2980 hilari
603 2923 750 3000 perfundit
769 2931 871 2983 cuncta
890 2939 1015 2983 veneno.
1183 2933 1238 2987 285
1330 2930 1331 2967 1

236 3005 304 3067 llon
324 3006 382 3066 boc
404 3005 537 3066 Pasithea
560 3004 727 3068 blandarum
749 3008 840 3086 prima
862 3023 1004 3084 sororum,

236 3090 303 3151 Non
324 3089 425 3150 Decor
444 3088 611 3169 Idaliusque
634 3110 724 3171 puer,
747 3091 801 3152 sed
821 3090 927 3151 luctus
948 3100 978 3153 et
998 3092 1074 3169 lrue,

236 3172 390 3235 tttb010r
410 3183 440 3234 et
460 3183 522 3235 tota
540 3177 648 3254 pressit
669 3176 824 3237 Discordia
842 3176 969 3237 dextra..

302 3258 394 3318 Prima
417 3258 491 3319 fides
512 3262 613 3339 operi,
633 3259 769 3320 Cadmum
793 3262 926 3321 comitata
944 3262 1085 3323 iacentem

235 3342 391 3405 Harmonie
412 3345 507 3403 versis
529 3346 558 3404 in
581 3345 665 3405 sibila
684 3345 745 3406 dira
764 3345 904 3423 querelis,
1184 3355 1241 3411 290

235 3428 373 3504 Illyricos
393 3428 482 3505 longo
503 3430 627 3491 sulcavit
648 3438 772 3508 pectore
796 3448 926 3510 campos.

235 3512 362 3593 inproba
382 3530 451 3573 mox
471 3514 589 3574 Semele
611 3515 660 3574 vix
680 3514 756 3574 dona
779 3517 914 3579 nocentia
937 3518 1015 3579 collo

236 3596 347 3677 Induit,
370 3607 400 3659 et
419 3598 511 3660 fallax
530 3600 646 3661 intravit
666 3598 763 3661 limina
785 3597 865 3662 luno.
