2842 4300
83 540 90 598 'r

504 378 706 429 nunenmoa
727 380 797 429 nra.
819 380 883 430 xrr.
1134 366 1196 431 263

190 533 255 595 lloc
273 536 365 611 magis
384 534 560 613 increpitans
580 544 720 620 suspecta
739 536 854 597 silentia
875 546 988 615 perstat
1141 546 1195 603 370

192 620 354 697 Antigone,
379 620 571 699 comitemque
594 639 731 699 premens
750 622 917 701 ipsamque:
940 623 995 683 sed
1014 622 1098 686 ambo

189 704 335 765 Deliciunt
356 702 464 783 lrxique
483 705 583 773 silent:
606 706 723 767 taudem
744 724 796 767 ora
818 708 926 767 retexit
994 768 998 778 ,
1033 767 1037 774 ,

184 790 299 867 Argia,
322 806 489 869 corpusque
511 799 607 851 tamen
627 791 784 867 complexa
804 791 953 870 profatur:

84 890 95 944 ¹j
190 876 235 934 ‘si
257 873 325 953 quid
343 874 372 933 in
389 874 446 934 hoc
468 874 563 937 veteri
581 874 727 935 bellorum
750 877 890 953 sanguine
913 893 1026 937 mecum
1050 941 1054 949 ,
1082 934 1085 940 .

83 1019 87 1029 ,
190 958 364 1033 Quaesitum
384 960 486 1035 venis,
510 961 535 1019 si
554 968 584 1021 tu
604 977 722 1041 quoqne
745 960 818 1021 dura
838 960 975 1022 Creontis
1141 970 1194 1027 375

189 1044 272 1103 Iussa
294 1044 394 1119 times,
418 1061 537 1123 possum
559 1044 610 1105 tibi
631 1063 677 1103 me
699 1044 809 1105 conlisa
827 1046 923 1106 lateri.
1157 1119 1159 1124 Ι

189 1130 221 1189 Si
242 1130 349 1189 misera
370 1147 420 1204 es,
442 1137 524 1189 certe
546 1129 680 1191 lacrimas
701 1130 885 1209 lamentaque
909 1146 1011 1205 cerno,
1050 1129 1059 1195 ᾖ
1142 1190 1147 1201 ‚
1174 1170 1179 1181 .

189 1210 298 1291 Iunge,
322 1230 395 1291 age,
415 1214 502 1291 iunge
524 1212 629 1291 fidem,
656 1213 758 1294 proles
777 1232 835 1293 ego
858 1215 939 1293 regis
961 1214 1090 1274 Adrasti.

189 1296 244 1358 liei
262 1296 346 1359 milri!
366 1317 432 1359 num
454 1300 518 1376 quis
540 1296 645 1359 adest?
668 1334 709 1345 —
731 1301 790 1359 cari
812 1299 961 1375 Polynicis
983 1298 1021 1361 ad
1042 1300 1137 1377 ignes,
1171 1367 1175 1375 ¹

189 1381 253 1442 Etsi
275 1401 367 1459 regna
389 1384 510 1444 vetant)
552 1384 669 1466 Stupuit
692 1380 829 1445 Cadmeia
850 1386 935 1463 virgo
1144 1392 1197 1450 380

188 1466 398 1546 intremuitque
420 1467 523 1545 simul,
549 1467 753 1546 dicentemque
778 1478 904 1547 occupat
923 1468 1015 1529 ultro:
1072 1470 1074 1474 ’

190 1550 293 1611 ‘liene
313 1552 401 1629 igitur
419 1554 545 1627 sociam,
569 1569 623 1631 pro
646 1570 713 1613 sors
734 1551 850 1631 ignara!
873 1554 1025 1629 malorum,

188 1634 275 1696 Mene
296 1632 402 1696 times?
420 1655 486 1697 mea
507 1636 635 1697 membra
653 1646 758 1713 tenes,
778 1656 844 1698 mea
863 1639 967 1699 funera
988 1638 1114 1717 plangis.

190 1719 291 1796 Cedo,
315 1729 402 1799 tene,
426 1720 531 1800 pudet!
555 1721 612 1781 heu
633 1723 729 1800 pietas
752 1724 856 1800 ignava
878 1723 1005 1785 sororis!

188 1804 271 1866 Haec
286 1806 366 1883 prior
381 1805 455 1865 -Ρ
471 1805 525 1865 llic
540 1808 650 1884 pariter
661 1806 775 1885 lapsae,
789 1809 946 1887 iunctoque
960 1826 1014 1886 per
1026 1808 1120 1889 ipsum
1141 1817 1194 1873 385

189 1889 335 1968 Amplexu
359 1890 481 1951 miscent
503 1891 606 1951 avidae
627 1890 821 1970 lacrimasque
843 1910 1015 1971 comasque,

189 1974 375 2053 Pantitaeque
395 1984 474 2035 arms
495 1975 619 2035 redeunt
640 1976 751 2037 alterna
771 1986 926 2054 gementes

97 2133 99 2145 Ι
179 2058 236 2123 ,Αά
255 2058 364 2119 vultum
387 2067 417 2119 et
438 2078 506 2121 cara
526 2059 638 2120 vicibus
656 2060 779 2121 ‘cervice
801 2061 941 2123 fruuntur.

189 2142 324 2223 Dumque
347 2144 434 2206 modo
457 2145 531 2206 haec
556 2144 675 2206 fratrem
697 2157 854 2223 memorat,
877 2165 953 2208 nunc
976 2146 1027 2208 illa
1053 2148 1195 2225 maritum,

190 2227 347 2308 Mutuaque
372 2246 497 2290 exorsae
519 2229 635 2290 Thebas
657 2229 816 2310 Argosque
837 2241 999 2307 renarrant,
1142 2241 1196 2296 390

189 2313 316 2390 Longius
338 2312 430 2390 Argia
449 2315 572 2382 miseros
595 2315 789 2386 reminiscitur
809 2325 907 2376 actus:

255 2397 331 2458 ‘Per
352 2395 403 2458 tihi
425 2397 522 2458 furtivi
542 2417 656 2460 sacrum
679 2417 831 2460 commune
852 2401 976 2478 doloris,

190 2481 247 2542 Per
266 2483 366 2542 socios
386 2501 485 2558 manes
508 2493 538 2544 et
558 2485 677 2546 conscia
699 2485 797 2546 sidera
818 2487 899 2553 iuro;
952 2554 955 2560 ¹

189 2565 255 2626 Non
279 2567 326 2626 lrio
349 2569 489 2643 amissos,
513 2587 685 2648 quamquam
706 2587 799 2647 vagus
822 2570 909 2646 exul,
932 2569 1073 2649 honoror,

189 2649 255 2712 Non
276 2652 387 2728 gentile
406 2653 516 2730 solum,
538 2672 625 2713 carae
643 2671 702 2714 non
724 2664 847 2733 pectora
866 2657 975 2732 matris,
1142 2665 1195 2720 395

191 2735 234 2795 Te
256 2738 377 2814 cupiens
399 2756 499 2813 unam,
524 2747 686 2817 noctesque
709 2739 832 2818 diesque
858 2739 973 2800 locutus

190 2821 370 2898 Antigonem
395 2840 453 2900 ego
477 2841 546 2884 cura
566 2824 660 2884 minor
679 2823 834 2903 facilisque
853 2825 987 2903 relinqui.
1055 2889 1059 2896 ,
1108 2889 1112 2906 Ι

85 2915 86 2924 ’
191 2901 234 2966 Τυ
256 2915 351 2966 tamen
375 2907 496 2968 excelsa
517 2907 670 2968 sublimem
692 2907 815 2970 forsitan
836 2929 906 2970 arce

190 2989 267 3050 Ante
289 2990 372 3050 nelas
394 2991 488 3052 Graiis
508 2991 623 3052 dantem
643 2993 754 3054 vexilla
775 2995 909 3074 maniplis

191 3073 305 3150 Vidisti,
329 3084 417 3155 teque
441 3075 491 3136 ille
511 3077 576 3136 acie
599 3079 733 3156 respexit
751 3077 788 3137 ab
809 3081 873 3157 ipsa
992 3145 995 3150 ,
1037 3125 1040 3131 -
1092 3156 1097 3162 Ο
1141 3092 1195 3146 400

189 3159 269 3219 Ense
292 3157 442 3220 salutatam
462 3169 491 3221 et
512 3165 635 3222 nutantis
657 3163 771 3222 vertice
793 3164 874 3231 ooni;
1116 3224 1121 3232 ,

189 3243 252 3303 Nos
273 3244 387 3324 procul.
429 3243 584 3306 Extremas
608 3247 661 3306 sed
684 3248 749 3325 quis
772 3246 844 3307 dens
864 3249 925 3325 egit
947 3251 976 3309 in
998 3247 1078 3315 irast
1189 3303 1193 3309 .

189 3327 237 3389 Nil
257 3336 376 3389 vestrae
396 3329 516 3391 valuere
539 3328 668 3409 preces?
691 3331 782 3391 tibine
802 3334 859 3392 iste
880 3335 1000 3412 negavit
1026 3402 1029 3411 ,

190 3409 328 3474 Orantil'
373 3409 485 3474 Causas
507 3434 542 3476 ac
565 3417 658 3476 tristia
679 3416 806 3476 reddere
829 3417 888 3480 lata
913 3481 916 3488 ,

190 3495 341 3577 Coeperat
363 3498 528 3576 Antigone,
549 3501 623 3561 lidus
646 3518 746 3560 comes
768 3501 904 3564 admonet
925 3502 1041 3566 ambas:
1143 3513 1196 3568 405

190 3582 263 3658 ‘Eia
285 3584 363 3662 agite
386 3583 532 3662 inceptum
552 3585 662 3666 potius!
684 3587 740 3646 iam
761 3586 859 3648 sidera
876 3587 988 3668 pallent
1106 3632 1108 3639 -

189 3667 294 3730 Vicina
315 3667 430 3732 turbata
451 3668 515 3746 die,
536 3670 667 3750 perferte
690 3669 845 3766 laborem,
