2842 4300
531 345 711 398 SILMABUM
730 347 765 395 L.
780 346 819 399 11.

237 501 368 580 Septima
391 500 458 576 lux,
488 508 518 562 at
538 500 601 560 iam·
617 499 754 578 frigentia
775 500 881 562 lumina
904 508 1033 579 torpent,

169 586 233 650 lam
256 585 413 664 complexa
435 603 519 646 manu
542 585 652 644 crinem
676 594 757 646 tenet
776 585 872 645 infera
892 582 974 644 luno.

168 669 228 733 Ille
250 679 363 746 tamen,
386 668 485 732 Parcis
507 668 630 745 fragiles
651 669 823 748 urgentibus
844 685 947 745 annos,

170 753 216 814 Te
238 753 320 814 vultu
341 755 485 814 moriente
506 753 587 816 videt
607 753 767 832 linguaque
789 751 912 814 cadente

169 837 343 908 Murmurat;
366 839 396 898 in
417 847 447 898 te
468 855 569 898 omnes
592 839 677 898 vacui
698 839 756 900 iam
778 837 908 918 pectoris
931 835 1012 898 efflat
1127 849 1180 905 150

168 920 350 1000 Relliquias,
374 922 468 984 solum
487 922 614 984 meminit
633 923 787 1002 solumque
807 930 962 981 vocantem

168 1004 314 1082 aaaron,
337 1006 449 1086 tibique
472 1025 522 1066 ora
543 1016 657 1084 movet,
680 1007 732 1067 tibi
752 1005 844 1067 verba
864 1005 1012 1085 relinquit,

168 1089 209 1150 Et
228 1089 367 1169 probibet
388 1091 513 1168 gemitus
536 1091 763 1171 consolaturque
783 1090 942 1152 dolentem.

170 1173 292 1234 Gratum
314 1184 377 1251 est,
399 1175 474 1250 fata,
497 1184 610 1250 tamen,
632 1175 713 1254 quod
733 1193 792 1236 non
812 1191 897 1242 mors
911 1173 991 1239 lenta
1005 1175 1136 1234 iacentis

168 1257 280 1318 Exedit
300 1259 415 1337 puerile
438 1259 545 1336 decus,
568 1277 730 1338 manesque
749 1258 857 1320 subivit
1126 1270 1177 1324 155

167 1341 290 1418 lnteger
312 1351 341 1402 et
361 1342 441 1402 nullo
461 1351 618 1402 temeratus
641 1361 768 1422 corpora
792 1343 922 1424 damno,-

168 1425 273 1500 Qualis
298 1435 370 1487 erat.
412 1424 488 1499 Quid
511 1445 568 1503 ego
594 1429 735 1506 exequias
758 1436 788 1487 et
810 1427 934 1514 prodiga
957 1427 1102 1504 flammis¹

168 1509 256 1570 Dona
277 1508 382 1588 loquar
402 1511 577 1588 moestoque
600 1511 731 1572 ardentia
755 1511 858 1572 funera
879 1510 969 1574 luxu?
1002 1565 1009 1574 .

89 1665 91 1672 Α
170 1591 258 1667 Quod
280 1593 333 1653 tibi
354 1611 504 1672 purpureo
527 1595 618 1656 tristis
641 1605 722 1656 torus
742 1613 855 1672 aggere
877 1596 1000 1672 crevit,

169 1675 259 1749 Quod
281 1675 403 1740 Cilicum
425 1677 532 1754 flores,
556 1678 634 1758 quod
655 1697 777 1739 munem
796 1681 934 1756 graminis
955 1678 1032 1756 lndi,¹
1127 1691 1179 1758 160

168 1759 317 1839 Quodque
335 1759 451 1824 Arabes
470 1761 625 1840 Phariique
645 1762 860 1842 Palaestinique
879 1763 1013 1842 liquores

167 1844 311 1907 Arsurarn
333 1843 434 1905 lavere
458 1843 592 1905 comam?
626 1843 714 1924 Cupit
733 1847 831 1923 omnia
849 1847 930 1908 ferre
1042 1905 1046 1910 ,

167 1926 315 2005 Prodigus
337 1937 366 1988 et
388 1938 467 1988 totos
486 1928 593 1990 Melior
612 1930 795 2010 succendere
818 1949 936 2007 census,

166 2010 313 2072 Desertus
334 2029 444 2072 exosus
463 2027 553 2091 opes;
578 2015 632 2074 sed
651 2031 709 2074 non
731 2015 810 2092 capit
828 2015 906 2091 ignis

166 2094 304 2172 Invidus,
329 2105 416 2175 atque
438 2105 538 2159 arctae
560 2097 664 2159 desunt
689 2099 718 2157 in
740 2115 859 2160 munera
881 2097 1024 2159 flammae.
1127 2107 1177 2162 165

165 2178 282 2239 Horror
303 2179 392 2240 babet
413 2199 527 2239 sensns.
568 2180 693 2251 Qualem
715 2191 744 2241 te
763 2182 867 2241 funere
890 2199 1002 2239 summo

166 2264 268 2341 Atque
289 2280 393 2339 rogum
415 2264 509 2338 iuxta,
532 2261 638 2321 Melior
659 2261 857 2341 placidissime
872 2264 1035 2341 quondam,

141 2345 311 2405 ‘Extimuil
335 2354 404 2407 tune
425 2345 477 2405 ille
499 2344 600 2407 hilaris
618 2348 768 2426 comisque
792 2344 909 2408 videri?
927 2347 930 2352 “

167 2428 252 2489 Unde
275 2430 361 2489 animi
382 2447 550 2508 saevaeque
571 2448 672 2489 manus
695 2439 726 2490 et
744 2429 888 2490 barbarus
908 2429 1036 2492 horror?

168 2512 212 2573 'l'u
233 2511 321 2572 modo
344 2512 426 2573 fusus
448 2512 525 2573 humi
547 2514 642 2575 lucem
664 2514 810 2574 aversaris
832 2515 972 2593 iniquam
1124 2510 1177 2583 1⁵10

167 2594 252 2655 Nunc
273 2605 375 2656 torvus
396 2598 508 2676 pariter
527 2605 630 2657 vestes
653 2605 682 2657 et
704 2607 828 2675 pectora
847 2599 957 2678 rumpis

167 2678 361 2758 Dilectosque
384 2682 492 2759 premis
514 2682 595 2740 visus
617 2690 647 2741 et
668 2680 774 2758 frigida
796 2679 901 2741 lambis

169 2761 288 2823 Oscula.
331 2762 421 2825 Erant
443 2763 503 2824 illio
523 2765 640 2841 genitor
661 2774 814 2841 materque
834 2765 957 2825 iacentis

168 2844 297 2921 Moesta,
320 2848 375 2909 sed
397 2848 511 2915 attoniti
532 2857 562 2907 te
584 2856 761 2927 spectavere
783 2857 932 2926 parentes.
1049 2853 1052 2857 “

231 2928 308 3003 Quid
326 2929 448 3011 mirum?
485 2930 574 2993 Plebs
590 2940 694 2991 cuneta
709 2930 793 2990 nefas
808 2940 837 2991 et
851 2931 972 3011 praevia
986 2930 1092 2995 flerunt
1124 2944 1174 3000 175

168 3014 309 3091 Agmina,
333 3012 474 3075 Flaminio
496 3033 552 3093 qua
575 3016 664 3076 limite
682 3014 802 3074 Milvius
816 3033 910 3093 agger

166 3096 355 3174 Transvebit,
378 3100 527 3159 inmeritus
549 3098 670 3161 flammis
691 3097 757 3157 dum
778 3100 909 3159 tristibus
931 3098 1026 3159 infans

167 3180 303 3240 Traditur
326 3190 355 3239 et
376 3183 514 3258 gemitum
538 3182 690 3260 formaque
711 3198 846 3259 aevoque
868 3191 1007 3243 meretur.

167 3262 247 3323 Talis
270 3265 300 3323 in
321 3264 493 3333 Isthmiacos
516 3266 648 3344 prolatus
671 3264 708 3327 ab
731 3282 862 3343 aequore
884 3275 987 3345 portus

165 3345 331 3425 Naufragus
354 3348 480 3427 inposita
503 3350 590 3409 iacuit
613 3348 666 3409 sub
688 3357 781 3410 matre
803 3348 975 3419 Palaemon;
1122 3362 1175 3416 leo

166 3431 225 3491 Sic*
239 3440 269 3491 et
289 3426 318 3491 in
339 3433 511 3509 anguiferae
531 3433 679 3493 ludentem
700 3434 830 3511 gramine
852 3433 965 3495 Lernae
1024 3488 1027 3492 .

164 3514 332 3599 Praeoisunr
353 3518 480 3595 squamis
502 3516 604 3577 avidus
627 3516 700 3577 bibit
721 3518 829 3594 anguis.
844 3516 1000 3597 Ophelten.

229 3596 310 3658 Pone
332 3599 427 3659 metus
448 3600 558 3681 letique
579 3604 671 3663 minas
691 3601 802 3661 desiste
823 3602 921 3664 vereri
929 3606 943 3661 :‘

208 3700 403 3745 ernanus-1.
987 3684 1006 3743 3
