2842 4300
471 367 672 419 uuuasmos
694 369 766 419 me.
787 370 835 419 vr.
1108 358 1168 421 129

167 525 236 587 Non
256 524 342 587 aliter
362 522 478 587 eeleres
499 524 634 602 Hyreana
656 544 711 606 per
731 527 797 589 aria
818 528 912 604 uerri,

169 611 264 685 Quum
284 610 388 690 prooul
408 611 513 691 inpasti
536 610 680 673 fremitum
700 630 850 691 accepere
868 612 974 688 leonis,

168 697 239 757 Sive
262 704 377 774 putant,
400 697 476 776 rapit
496 697 635 759 adnuitos
656 696 727 775 fuga
749 713 839 759 eaeea
860 705 1014 777 metusque
1115 705 1168 761 600

168 777 354 857 Congregat,
377 790 407 841 et
425 781 542 859 tongum
563 782 631 843 dant
651 797 761 844 oeraua
781 783 871 843 mixta
891 780 1049 859 fragorem

233 862 341 943 Effugit
361 863 409 926 hie
431 864 535 927 oeulos
551 866 653 946 rapida
673 884 747 945 puer
769 868 853 927 oeior
873 882 944 927 aura

166 947 343 1025 dlaenelius,
365 967 451 1029 quem
473 950 578 1011 deiude
600 949 692 1029 gradu
713 952 819 1031 premit
838 949 973 1012 horridus
995 948 1061 1011 Idas

166 1032 349 1113 Inspiretque
370 1034 510 1111 humero,
532 1034 661 1115 datoque
682 1045 713 1096 et
729 1036 861 1116 peetorie
880 1035 982 1097 umbra

167 1118 265 1197 Terga
287 1121 400 1198 premit.
442 1119 512 1181 Post
531 1119 667 1198 ambiguo
689 1121 856 1182 discrimine
876 1120 998 1181 tendunt
1114 1128 1167 1183 605

167 1202 339 1265 Phaedimus
362 1213 449 1283 atque
471 1203 598 1281 Dymas,
620 1205 678 1267 iilis
701 1205 784 1267 eeler
804 1204 922 1265 mminet
942 1204 1048 1265 Aleon.

230 1286 337 1349 Flavus
357 1287 393 1350 ab
412 1290 527 1349 intonso
549 1289 699 1367 pendebat
719 1289 833 1351 vertiee
855 1290 943 1350 erinis

168 1371 318 1441 throados:
338 1372 396 1433 hoe
417 1374 517 1452 primis
540 1373 654 1435 Triuiae
677 1373 819 1454 paseehat
840 1373 877 1435 ah
900 1375 982 1435 anms

166 1456 281 1534 Munus,
302 1467 330 1518 et
350 1455 466 1536 Ogygio
487 1458 583 1519 vietor
604 1477 667 1519 ounr
686 1457 780 1520 hiante
798 1459 937 1535 redisset,
1173 1514 1178 1521 .

165 1540 367 1621 Nequidquam
387 1543 487 1621 patriis
509 1542 604 1605 audax
627 1544 802 1622 promiserat
821 1544 891 1605 aris.
1115 1552 1168 1607 610

167 1626 249 1689 Tune
271 1626 347 1687 liber
368 1645 445 1687 nexu
467 1626 585 1707 letoque
607 1629 636 1688 in
657 1637 742 1706 terga
764 1627 877 1689 solutus

167 1710 298 1773 Oeeursu
321 1710 449 1791 Zephyri
471 1718 552 1773 retro
569 1712 660 1791 fugit,
683 1722 714 1775 et
737 1712 823 1773 simul
842 1713 937 1791 ipsum

165 1794 280 1875 inpedit
301 1795 466 1875 infestoque
485 1796 589 1857 volens
611 1796 776 1859 obtenditur
798 1796 877 1857 ldae.

165 1879 236 1942 inde
259 1880 356 1944 dolum
378 1880 491 1941 iuvenis
511 1880 664 1961 fraudique
686 1881 876 1943 aeoommoda
895 1882 987 1942 sensit

166 1964 328 2043 Tempors;
349 1965 404 2025 iam
423 1966 509 2027 tinem
530 1966 627 2043 iuxta,
650 1967 718 2027 dum
737 1965 833 2025 limina
854 1965 949 2025 vietor
1113 1975 1180 2029 615·

165 2049 403 2130 Parthenopaeus
422 2051 489 2127 init,
512 2060 649 2129 correpto
673 2050 755 2111 enine
776 2049 928 2109 reduotom

167 2132 316 2215 Oeoupat,
340 2144 369 2196 et
388 2135 495 2215 longae
517 2136 624 2215 primus
641 2136 711 2198 ferit
732 2134 809 2196 ostia
829 2143 944 2214 portae.

226 2219 359 2282 hroade's
379 2239 457 2282 arma
474 2220 615 2297 tremunt,
638 2221 725 2282 armis
746 2219 908 2282 defendere
929 2237 1043 2298 regem,

165 2304 203 2365 Ni
223 2314 335 2384 raptum
357 2305 448 2368 deeus
470 2314 501 2366 et
520 2305 615 2366 meriti
636 2305 792 2366 reddantur
817 2304 957 2380 honores,

73 2407 75 2414 ’
167 2386 367 2466 Contendunt,
390 2398 511 2469 totoque
533 2398 635 2469 parant
656 2389 914 2452 deoedereeireo.
1113 2396 1167 2452 tao

165 2476 237 2534 Sunt
260 2475 373 2552 etquis
395 2473 464 2534 ldae
487 2475 604 2554 pleeeat
626 2473 726 2543 delus;
750 2475 816 2553 ipse
836 2483 957 2552 regesta
1028 2484 1032 2490 ’
1101 2529 1104 2535 ,
1171 2500 1175 2509 >

165 2557 405 2638 Parthenopaeus
426 2558 512 2620 humo
536 2558 704 2638 vultumque
725 2559 889 2639 dentesque
907 2558 1059 2620 madentes

166 2641 285 2719 Obruit,
308 2644 435 2704 aeeessit
454 2643 635 2717 herimarum
654 2644 748 2721 gratia
768 2642 890 2705 formae.

165 2727 290 2788 Pectora
311 2745 386 2788 nune
404 2745 557 2804 moerens,
580 2746 655 2788 nuue
673 2745 726 2794 ora
739 2728 857 2804 indigna
876 2737 997 2788 cruento

164 2811 269 2889 Ungue
290 2821 372 2873 secat
392 2814 583 2892 meritamque
605 2829 728 2888 eomanr,
750 2811 818 2872 furit
836 2811 962 2890 undique
984 2813 1095 2872 elamor
1111 2820 1172 2875 6²5·

164 2895 326 2974 Dissonus,
349 2897 573 2976 ambiguumque
595 2897 674 2958 senis
693 2904 842 2956 caneretur
860 2895 978 2956 Adrasti

168 2980 337 3042 Consilium.
383 2981 511 3044 Tandem
531 2983 595 3060 ipse
616 2981 723 3042 refert:
741 2978 948 3058 t›Compeseite
967 2980 1057 3057 ditem,

165 3064 190 3125 Ο
213 3065 313 3144 pueri!
337 3066 427 3126 virtus
446 3067 549 3128 iterum
571 3065 752 3145 temptanda;
773 3064 888 3126 sedite

163 3149 268 3211 Limite
287 3167 345 3210 non
367 3167 443 3228 uno,
466 3149 542 3212 lotus
562 3150 620 3212 hoo
645 3148 815 3212 oonoeditur
832 3148 914 3225 ldae,

165 3233 207 3294 Tu
230 3234 346 3296 diversa
367 3243 451 3312 tene,
471 3235 551 3296 fraus
571 3233 704 3296 eursihus
724 3235 815 3296 omnis
834 3232 961 3296 abesto!
1013 3280 1017 3287 .
1111 3243 1165 3299 630

228 3318 404 3396 Audieram,
429 3319 566 3398 diotoque
587 3328 711 3382 manent.
749 3316 821 3379 Mox
840 3319 954 3380 numina
974 3319 1101 3438 supplex

163 3403 261 3464 hiatu
284 3405 372 3464 taeito
394 3404 506 3464 iuvenis
529 3403 682 3483 Tegeaeus
702 3403 824 3464 adorat:

164 3486 258 3548 Diva
278 3497 383 3567 potens
400 3505 622 3565 neussuump-
640 3488 694 3550 tibi
714 3489 789 3548 enim
811 3487 858 3549 hie
880 3487 936 3549 tihi.
952 3490 1041 3550 erinis
1059 3490 1164 3550 honori

163 3571 305 3648 Debitus,
328 3589 404 3652 eque
426 3582 475 3634 tuo
497 3575 577 3636 venit
598 3573 700 3636 haee
692 3574 795 3634 iniuria
817 3581 904 3650 roto,
926 3607 968 3623 «-

163 3658 195 3718 st
214 3656 290 3718 hene
313 3657 381 3737 quid
400 3658 552 3739 genetrix,
573 3659 597 3722 si
618 3657 687 3740 quid
705 3658 857 3732 uenatibus
878 3659 943 3740 ipse
1111 3666 1162 3721 ὀδό

207 3761 343 3806 suenrus
364 3763 402 3808 11.
977 3743 997 3801 9
