2842 4300
259 360 321 423 156
608 372 639 421 e.
656 372 920 423 eaemneraun

257 530 393 607 Tydeos,
417 541 446 591 et
465 532 579 593 laevum
596 528 708 591 iuuenis
727 530 946 591 unsverberat
961 530 1070 607 inguen
1205 538 1264 593 635

256 614 472 694 Labentemque
494 616 587 693 affigit
607 634 700 695 eqno;
723 614 797 691 fugit
818 615 870 675 ille
890 624 1043 695 perempto
1339 675 1340 698 ἶ

259 700 419 760 Consertae
442 701 574 773 domino,
596 720 652 761 nec
673 703 728 760 iam
746 716 824 759 arma
845 709 894 760 aut
915 700 997 759 irena
1019 708 1170 760 tenentem
1331 705 1340 761 i

257 785 355 845 Portet
376 785 488 862 adhuc,
512 804 567 845 ceu
589 786 715 846 nondum
737 785 830 843 anima
852 785 983 845 delectus
1005 794 1129 863 utraque

259 869 351 943 Quum
372 889 423 930 sua
446 868 605 930 Centaurus
627 871 755 929 moriens
776 870 805 927 in
822 878 906 947 terga
927 869 1079 929 recumbit.

317 953 417 1015 Gertat
436 971 509 1034 opus
532 954 618 1030 terri,
642 962 831 1031 sternuntque
853 955 963 1013 alterna
981 954 1112 1013 furentes
1202 962 1261 1018 640

256 1038 460 1118 Hippomedon
480 1039 604 1115 Sybarin
626 1040 753 1115 Pylium,
778 1037 952 1117 Periphanta
970 1037 1168 1116 Menoeceus,

257 1124 497 1203 Parthenopaeus
518 1124 598 1199 ltyn:
619 1124 741 1202 Sybaris
764 1124 842 1182 iacet
863 1142 934 1183 ense
956 1133 1087 1198 cruento,

258 1207 387 1288 Cuspide
408 1218 473 1268 trux
494 1208 650 1288 Periphas,
673 1208 734 1283 ltys
751 1208 903 1268 insidiante
923 1210 1037 1286 sagitta.

260 1292 394 1353 Caeneos
416 1292 524 1353 lnachii
545 1294 625 1353 lerro
647 1292 804 1353 Mavortius
825 1292 956 1352 Haemon
996 1292 999 1299 '

260 1377 345 1438 Colla
367 1379 458 1457 rapit,
480 1378 526 1438 cui
544 1378 687 1438 dividuum
706 1386 785 1437 trans
805 1394 914 1456 corpus
936 1378 1050 1438 hiantes
1203 1388 1261 1443 646

260 1462 404 1523 Truncum
424 1462 502 1521 oculi
523 1472 681 1541 quaerunt,
705 1463 814 1521 animus
836 1471 937 1540 caput;
959 1480 1038 1523 arma
1058 1462 1183 1522 iacentis

257 1546 317 1607 Iarn
339 1546 470 1627 rapiebat
491 1547 589 1623 Abas,
612 1564 702 1607 cornu
720 1546 885 1623 deprensus
904 1547 1018 1606 Achiva

258 1630 370 1691 Dimisit
391 1632 517 1690 moriens
539 1632 664 1711 clipeum
686 1630 881 1710 hostilemque
903 1649 1053 1710 suumque.

323 1716 394 1791 Quis
412 1715 463 1775 tibi
480 1711 671 1791 ¹Racchaeos,
694 1714 829 1790 Eunaee,
849 1717 1017 1795 relinquere
1042 1718 1155 1791 cultus,

260 1799 331 1874 Quis
350 1800 450 1876 lucos,
472 1802 578 1860 vetitus
603 1801 705 1879 quibus
725 1802 891 1861 emansisse·
908 1802 1066 1876 sacerdos,
1203 1812 1259 1866 65⁰

260 1886 375 1962 Suasit,
400 1894 429 1945 et
452 1896 597 1946 assuetum
618 1886 735 1945 Bromio
752 1894 864 1945 mutare
881 1883 1031 1945 furorem?

260 1970 353 2043 Quem
370 1979 483 2030 terrere
506 1968 618 2049 queas?
646 1971 735 2049 clipei
757 1970 940 2048 penetrabile
957 1980 1068 2030 textum

258 2054 405 2116 Pallentes
427 2055 555 2115 hederae
573 2054 750 2134 Nysaeaque
774 2065 853 2115 serta
873 2065 1035 2125 coronant„

261 2138 387 2201 Candida
408 2142 562 2219 pampineo
585 2140 765 2201 subnectitur
782 2140 878 2201 instita
900 2141 966 2216 blo,

264 2223 350 2285 Crine
372 2227 463 2286 latent
482 2226 608 2301 humeri,
631 2233 766 2284 crescunt
788 2225 924 2302 lanugine
944 2224 1055 2300 malae,
1207 2235 1258 2289 655

260 2309 298 2370 Et
319 2310 403 2370 rubet
423 2310 540 2369 inbellis
558 2309 646 2384 Tyrio
669 2309 831 2369 subtemine
852 2311 973 2385 thorax,

260 2395 440 2473 brachiaque
460 2395 487 2452 in
509 2395 626 2454 manicis
652 2404 681 2454 et
703 2396 800 2472 pictae
819 2395 934 2454 vincula
956 2396 1073 2474 plautae

257 2477 460 2558 ‘carbaseique
483 2479 579 2553 sinus,
604 2488 633 2538 et
657 2478 746 2538 ilbula
766 2480 861 2539 rasilis
880 2497 952 2539 auro

262 2561 431 2623 Taenariam
453 2562 531 2623 fulva
551 2562 702 2625 mordebat
721 2564 834 2641 iaspide
852 2565 972 2644 pallam;

262 2646 353 2721 Quam
375 2666 463 2727 super
485 2666 501 2707 a
521 2657 606 2726 tergo
626 2649 717 2707 velox
737 2658 854 2722 corytus
877 2659 906 2708 et
926 2667 1029 2725 arcus,
1205 2659 1255 2714 666

260 2731 481 2811 Pendentesque
504 2742 607 2792 sonant
624 2741 722 2792 aurata
740 2733 826 2808 lynce
841 2734 1012 2812 pharetrae.

261 2816 287 2878 lt
308 2818 472 2897 lymphante
495 2817 550 2877 deo
571 2818 665 2878 media
686 2819 762 2877 inter
782 2819 870 2878 millia
891 2819 1007 2895 longum

260 2903 450 2962 vociferans:
474 2902 648 2963 ‘Prohibete
671 2921 787 2980 menna,
806 2904 880 2963 haec
904 2905 999 2962 omine
1020 2903 1124 2964 dextro

261 2987 376 3047 bloenia
396 2985 547 3064 Cyrrhaea
562 2989 731 3048 monstravit
748 2988 858 3068 Apollo
880 2990 1012 3048 iuvenca.

262 3073 392 3146 Parcite,
414 3073 443 3130 in
465 3071 539 3130 haec
559 3071 635 3132 ultro
655 3073 770 3151 scopuli
790 3090 902 3133 venere
920 3073 1066 3133 volentes.
1205 3082 1253 3138 666

264 3155 340 3217 Gens
362 3164 473 3216 sacrata
496 3175 607 3216 morus:
632 3175 725 3234 gener
746 3158 814 3217 huic
835 3167 881 3218 est
901 3157 1032 3236 luppiter
1052 3156 1116 3217 urbi

263 3240 461 3319 Gradivusque
481 3258 581 3310 socen
603 3241 750 3302 Bacchum
768 3243 843 3303 baud
861 3245 1013 3302 mentimur
1029 3244 1172 3303 alumnum

261 3323 301 3385 Et
320 3343 452 3402 magnum
471 3325 619 3386 statuent
658 3325 776 3386 lactanti
796 3327 863 3386 talia
883 3327 989 3386 frustra

263 3409 405 3470 Turbidus
424 3413 502 3470 aeria
524 3409 678 3490 Capaneus
701 3412 828 3472 occurrit
848 3411 877 3470 in
898 3410 990 3471 hasta.

326 3494 426 3570 Qualis
448 3495 496 3554 ubi
518 3497 637 3575 primam
658 3496 707 3554 leo
729 3513 812 3555 mane
834 3492 977 3555 cubilibus
998 3497 1067 3556 atris
1205 3505 1253 3562 fito
1339 3560 1340 3565 γ

262 3579 364 3640 Erexit
384 3579 493 3639 rabie'm
517 3590 546 3640 et
567 3597 659 3640 saevo
679 3580 850 3659 speculatur
868 3580 911 3640 ab
929 3589 1012 3640 ammo
1339 3582 1340 3643 l

261 3664 321 3724 Aut
343 3681 474 3740 cervam,
498 3674 546 3724 aut
566 3664 691 3724 nondum
713 3663 987 3725 bellantem'ironte
1007 3666 1176 3741 iuventamn,
