2842 4300
442 438 644 487 nuuaaroos
664 440 735 487 uun.
754 440 854 502 1111..
869 490 873 498 ,
1114 425 1176 485 259

92 592 94 645 l
168 592 249 654 lllors
269 610 410 675 nusquam
432 612 599 674 saevusque
623 593 736 666 Creom
757 595 884 655 hortaris
906 604 1032 671 euntem,

169 678 293 741 limite?
332 682 383 739 Sic
401 680 501 741 dicens
523 696 628 759 magno
650 680 801 759 Megareia
820 698 965 764 praeceps

168 766 247 824 Arva
269 766 345 843 rapit
367 782 472 844 passu,
493 765 672 826 demonstrat
692 768 825 845 proxima
845 767 975 845 quisquis
1123 774 1176 827 2211

168 848 295 926 Obvius‚
318 850 524 929 horrescitque
547 850 661 911 habitus
683 852 878 929 miseramque
900 860 1029 909 veretur.

166 934 254 996 Vadit
276 944 360 995 atrox
383 936 463 1011 visu,
486 934 526 993 nil
550 936 640 996 corde
661 952 718 995 nec
740 953 810 995 aure
832 952 1008 1013 pavescens,

166 1018 206 1079 Et
227 1020 321 1080 nimiis
345 1019 455 1080 conlisa
476 1018 559 1079 malis
582 1023 764 1100 propiorque
785 1021 898 1079 timeri(

119 1140 129 1159 .
166 1102 262 1165 Nocte
279 1104 359 1164 velut
379 1104 504 1181 Phrygia
527 1123 613 1183 quum
633 1106 787 1165 lamentata
808 1105 952 1164 resultant
1223 1165 1229 1174 ,

166 1188 328 1265 Dindyma,
347 1190 472 1268 pinigeri
493 1190 605 1268 rapitur
625 1190 782 1249 Simoentis
801 1190 838 1249 ad
860 1208 973 1249 amnem
1122 1198 1174 1252 225

166 1272 234 1334 Dux
253 1292 362 1334 vesana
383 1274 482 1351 chori,
507 1275 588 1334 cuius
611 1275 666 1335 dea
684 1276 826 1352 sanguine
848 1273 946 1334 lecto'

165 1358 234 1439 Ipsa
254 1358 333 1419 dedit
354 1359 463 1420 lernam
483 1368 512 1418 et
533 1360 634 1419 vittata
652 1360 749 1418 fronte
770 1360 890 1417 notavit.

230 1444 289 1504 lam
312 1452 396 1523 pater
414 1442 558 1522 Hesperio
581 1444 751 1521 flagrantem
770 1444 887 1521 gurgite
908 1462 1023 1502 currum

165 1528 327 1589 Abdiderat
346 1526 430 1587 Titan
452 1528 518 1587 aliis
538 1528 685 1587 rediturus
707 1527 744 1587 ab
765 1526 860 1604 undis,

92 1608 94 1623 ³
167 1614 262 1687 Quum
283 1622 379 1671 tamen
401 1612 451 1672 illa
472 1630 593 1689 gravem
616 1611 695 1671 luctu
721 1611 842 1671 fallente
862 1611 993 1671 lahorem
1121 1620 1175 1675 230

164 1696 268 1759 Nescit
290 1696 389 1757 abisse
412 1697 502 1765 diem;
524 1714 581 1756 nco
606 1696 797 1773 caligantibus
821 1698 898 1756 arvis

166 1781 327 1855 Terretur,
350 1798 406 1841 nec
429 1780 535 1858 frangit
557 1782 629 1855 iter,
652 1799 707 1859 per
730 1791 760 1841 et
781 1782 857 1841 invia
879 1798 950 1841 saxa

92 1902 93 1925 2
164 1866 371 1945 lapsurasque
393 1864 493 1925 trabes
514 1882 722 1943 nemommque
747 1883 853 1925 arcana
874 1884 980 1925 sereno

165 1950 257 2028 Nigra
280 1950 327 2010 die
353 1952 510 2028 caecisque
533 1950 624 2009 incisa
646 1950 762 2010 novalia
781 1950 882 2022 fossis,

164 2036 223 2096 Per
244 2035 348 2095 lluvios
371 2052 476 2094 secura
498 2034 565 2094 vadi
586 2052 765 2114 somnosque
786 2034 913 2094 ferarum
1120 2044 1172 2098 235

163 2120 286 2182 Praeter
309 2128 339 2179 et
360 2118 512 2179 horrendis
531 2121 648 2187 insessa
669 2120 774 2180 cubilia
796 2120 942 2180 monstris.

97 2251 99 2256 -
165 2205 286 2266 Tantum
308 2205 392 2264 animi
411 2205 565 2282 luctusque
584 2205 697 2265 valent!
720 2205 811 2283 pudet
830 2207 874 2264 ire
895 2203 1053 2263 Menoeten

164 2289 303 2366 Tardius,
324 2289 527 2367 invalidaeque
547 2290 667 2366 gradum
689 2291 807 2350 miratur
827 2289 969 2349 alumnae.

165 2375 246 2449 Quas
269 2391 326 2434 non
348 2373 397 2433 illa
418 2375 520 2434 domos
539 2391 739 2453 pecorumque
760 2374 964 2452 hominumque
983 2371 1117 2432 modesto

163 2459 293 2520 Pulsavit
315 2456 444 2536 gemitu?
467 2460 601 2538 quotiens
623 2461 745 2518 amissus
766 2460 843 2518 eunti
1118 2465 1172 2518 2⁴0

162 2544 276 2620 Limes,
302 2553 332 2606 et
353 2553 497 2604 errantem
521 2545 634 2604 comitis
655 2544 760 2604 solatia
782 2543 914 2603 dammae

163 2629 347 2704 Destituunt‚
370 2627 546 2707 gelidaeque
568 2629 664 2688 iaoern
685 2630 787 2688 vicere
811 2623 973 2688 tenebrae?

163 2713 283 2792 lamque
307 2714 476 2792 supinantur
496 2714 602 2789 fessis,
626 2713 744 2792 lateque
766 2714 903 2773 fatiscunt

163 2799 286 2858 Penthei
307 2797 421 2858 devexa
443 2800 503 2875 iugi
510 2843 519 2878 7
541 2815 626 2876 quum
648 2807 773 2876 pectore
796 2796 902 2857 anhelo

163 2883 224 2944 Iam
243 2899 337 2961 prope
360 2883 502 2942 delicieris
524 2885 566 2942 sic
584 2883 703 2942 inchoat
725 2899 793 2942 orsa
811 2881 980 2940 Menoetes:
1117 2887 1170 2942 245

228 2966 328 3027 ‘Haud
350 2967 472 3046 procul,
498 2968 595 3027 exacti
618 2969 643 3025 si
669 2987 739 3048 spes
760 2985 819 3026 non
842 2966 949 3026 blanda
967 2963 1089 3038 laboris,

165 3049 314 3130 Ogygias,
336 3051 444 3130 Argia,
468 3052 571 3113 domos
594 3061 624 3111 et
646 3070 742 3129 egena
763 3051 892 3130 sepulcri

162 3137 253 3196 Busta
272 3137 372 3196 iacere
394 3155 478 3207 reor;
499 3153 589 3215 grave
611 3139 740 3196 cominus
761 3145 875 3197 aestuat
894 3153 946 3196 aer

163 3221 331 3297 Sordidum¹
347 3231 376 3282 et
394 3240 517 3300 magnae
537 3222 661 3282 redeunt
682 3239 738 3301 per
759 3223 843 3281 inane
864 3220 1013 3280 volucres

161 3305 245 3366 Haec
265 3305 315 3365 illa
335 3316 381 3366 est
401 3307 528 3368 crudelis
551 3307 670 3382 humus,
693 3325 750 3366 nec
770 3305 885 3365 moenia
907 3304 1006 3382 longe.
1115 3314 1168 3365 250
1272 3381 1275 3386 ι

164 3389 285 3466 Cernis,
303 3401 335 3450 ut
356 3393 490 3470 ingentes
510 3409 657 3453 murorum
677 3392 810 3472 porrigat
830 3389 946 3449 umbras

163 3473 289 3554 Campus
315 3486 381 3536 et¹e
405 3477 534 3556 speculis
551 3479 678 3536 moriens
699 3477 863 3536 intermicet
884 3472 981 3551 ignis?

161 3559 278 3620 llloenia
298 3571 364 3621 sunt
384 3563 477 3627 iuxta:
500 3563 587 3622 modo
608 3567 668 3622 nort
686 3561 779 3639 magis
801 3563 865 3639 ipsa
885 3559 1014 3634 tacebat,

92 3715 95 3724 ,
162 3645 293 3724 Solaque
315 3648 464 3724 nigrantes
483 3645 619 3707 laxabant
636 3655 714 3707 astra
735 3645 906 3706 tenebras*

161 3729 285 3791 Horruit
301 3731 407 3809 Argia,
429 3731 621 3810 dextramque
644 3731 816 3793 armoenia
838 3730 999 3874 tendeqsp*
1116 3737 1169 3790 255
