2842 4300
490 390 690 442 ιιιιιιιοι
709 394 780 441 ιιι.
800 394 834 441 x.
1103 384 1164 446 913

161 545 251 607 Solus
274 562 328 623 eo,
352 546 446 615 solus3
468 548 549 608 venit
569 547 622 608 ille
643 557 674 609 et
692 552 811 627 quassat
832 547 986 616 lttltemsss

227 629 308 691 Talia
330 631 497 693 vociferans
516 642 634 693 nostem
655 634 846 710 exturbabat,
870 644 1008 714 euntque

160 712 229 776 Non
252 732 338 775 senus
359 718 477 777 assensi
499 734 659 797 proteres,
685 736 770 819 quam
793 720 818 779 si
839 718 971 780 omuibus
991 719 1069 783 idem
1110 734 1164 787 tw

164 798 262 861 Corde
283 800 371 877 deus,
394 800 518 879 flagrant
542 804 672 862 domitari
694 813 725 863 et
743 806 865 881 iungere
886 822 982 864 ossus.

163 882 223 946 Ter
244 884 336 946 denos
357 902 493 962 numero,
516 895 671 948 turmarum
691 888 851 963 robora,
840 906 938 949 iussus

163 966 233 1049 lpse
254 969 343 1048 legit,
368 972 446 1031 eirea
469 971 565 1033 iremit
586 971 733 1049 indignata
753 974 889 1034 iuventus

164 1052 288 1129 Cetera,
311 1072 362 1115 eur
383 1065 516 1117 maueaut
537 1058 639 1117 eastris
660 1058 824 1136 ignavaque
845 1068 965 1120 servent

165 1136 245 1209 Otium
268 1156 336 1219 pars
358 1139 480 1201 sublime
502 1159 614 1218 genus,
637 1160 706 1220 pars
723 1143 802 1203 iacta
820 1160 948 1219 suorum,
1004 1198 1007 1202 .
1112 1154 1167 1210 ιιι

163 1223 234 1284 Ριιι
256 1243 324 1301 ιιι,
348 1233 455 1284 sortem
477 1226 526 1286 alii
547 1226 688 1325 clamant,
712 1236 822 1293 sortem
842 1228 968 1307 undique
986 1242 1120 1308 poseant.

229 1307 369 1370 Gaudet
359 1328 389 1369 m
406 1310 537 1371 adversis
561 1311 715 1391 animoque
735 1314 863 1389 assurgit
883 1312 1034 1375 Adrastus.

163 1392 285 1453 Vertite
305 1395 348 1454 ιιι
365 1393 493 1455 Pholoes
510 1395 661 1455 voluerum
683 1398 807 1456 nutritor
825 1414 975 1476 equomm,

165 1476 220 1537 Cui
241 1478 354 1539 foetura
375 1496 499 1557 gregem
520 1496 669 1559 pecoroso
689 1499 762 1541 vere
783 1484 926 1559 novavit,

162 1562 299 1623 Laetatur
320 1581 443 1623 eemens
464 1565 520 1626 bos
538 1566 644 1624 montis
664 1566 694 1625 iu
711 1566 802 1626 ardua
822 1568 884 1640 uiti,
1110 1577 1165 1633 aba

162 1646 226 1707 llos
247 1648 345 1707 iuuare
367 1648 465 1724 vadis,
489 1656 603 1710 tentare
627 1650 797 1728 parentibus
818 1651 897 1711 illos.

164 1730 247 1791 Tune
268 1749 361 1792 vacuo
383 1732 437 1793 sub
457 1734 549 1793 eorde
570 1744 683 1811 movet,
703 1736 755 1835 qui
777 1736 867 1795 molle
888 1735 1023 1796 domandi

162 1815 285 1877 Ferre
276 1835 389 1894 rugum,
412 1818 461 1895 qui
483 1826 566 1895 targa
586 1817 670 1894 boni,
692 1821 758 1897 quis
777 1820 807 1879 in
825 1835 902 1880 arma
923 1820 1066 1899 tubasque

163 1899 271 1976 Natus,
293 1901 330 1961 ad
350 1900 441 1961 Eleas
464 1901 570 1962 melior
590 1904 654 1981 quis
675 1921 799 1981 surgere
820 1904 942 1983 palmas

228 1985 307 2045 Talis
328 1994 392 2045 erat
410 1994 521 2047 turmae
541 1986 645 2047 duntur
663 1986 826 2065 longaevus
843 1988 986 2049 debitae.
1109 1998 1163 2053 936

163 2068 228 2129 Νιι
248 2070 331 2129 deest
353 2072 485 2170 caeptis:
511 2068 612 2131 Unde
632 2071 708 2131 irase
730 2080 788 2134 tan
809 2090 876 2136 sera
895 2081 1019 2152 repente

162 2153 306 2215 Numina?
329 2157 377 2233 qui
397 2155 507 2217 iraetos
528 2157 627 2234 superi
648 2158 775 2218 rediistis
796 2158 834 2218 ad
851 2155 971 2236 Argos?

164 2238 256 2300 Estne
276 2239 324 2300 hie
345 2240 447 2301 infelix
466 2238 578 2300 virtus?
600 2243 740 2320 gentique
761 2252 913 2322 superstes

165 2325 306 2402 Sanguis,
334 2334 364 2385 et
385 2326 414 2386 in
435 2327 548 2386 miseris
570 2328 729 2387 animorum
747 2328 857 2387 ιιιιιιιι
878 2323 1000 2388 durant?

163 2407 262 2469 Laudo
287 2409 439 2488 equidem,
461 2411 576 2488 egregii
595 2411 733 2488 iuvenes,
754 2411 936 2490 pulchraque
952 2427 1083 2472 mearam
1109 2422 1163 2476 940

164 2493 316 2554 Seditiune
336 2493 432 2560 irunr:
454 2495 508 2556 sed
527 2495 657 2556 fraudem
678 2505 709 2556 et
730 2505 833 2575 operta
852 2513 988 2574 paramus

163 2578 296 2652 Proelia,
322 2578 436 2640 celandi
456 2588 567 2647 motus:
590 2597 743 2659 numquam
764 2590 832 2659 apta
853 2581 954 2641 latenti

165 2661 262 2722 Turba
283 2663 369 2723 dolo:
394 2673 510 2724 servate
532 2665 658 2740 animus,
679 2665 760 2725 venit
779 2665 858 2725 ulter
879 2667 909 2724 ιι
929 2665 1031 2725 hostes

164 2747 245 2808 Eece
267 2747 345 2814 dies;
367 2756 434 2808 tuae
453 2766 530 2808 arma
550 2748 663 2826 palam,
680 2757 750 2809 tune
769 2749 873 2809 ibimus
890 2765 1002 2808 omnes.

229 2830 280 2891 llis
300 2831 414 2892 tandem
432 2835 524 2892 virtus
542 2833 675 2892 iuvenum
694 2832 809 2894 frenata
827 2834 947 2912 quievit.
1111 2844 1163 2901 949

164 2915 232 2977 Νοι
253 2917 338 2977 aliter
358 2925 437 2977 motu
460 2933 545 2996 qnam
567 2918 592 2976 si
612 2926 696 2996 pater
717 2918 831 2978 Aeolus
850 2927 933 2978 antro

164 3002 281 3062 Portam
299 3003 401 3061 iterum
421 3019 493 3062 saxo
511 3009 626 3080 premat
641 3002 815 3080 imperiosus
834 3011 865 3062 et
882 3020 968 3062 omne

166 3085 290 3147 Claudat
314 3086 384 3162 iter,
407 3087 519 3147 iamiam
539 3086 725 3165 sperantibus
743 3103 873 3164 aequora
893 3087 997 3148 rantis.

164 3169 288 3248 Insuper
306 3169 479 3230 Herculeum
502 3171 557 3231 sibi
575 3172 666 3248 iungit
683 3170 812 3248 Agyllea
834 3180 917 3232 vates

163 3255 352 3334 Actoraque;
375 3254 422 3314 lie
443 3260 526 3334 aptus
548 3255 688 3332 suadere,
713 3255 762 3316 hie
782 3255 891 3316 robora
911 3257 1000 3316 iactat
1111 3265 1163 3318 950

163 3338 232 3400 Νοι
254 3340 383 3400 cessisse
405 3341 494 3417 patri;
517 3341 638 3400 comites
659 3339 751 3400 tribus
773 3340 875 3400 ordine
897 3341 964 3402 deni
1047 3392 1051 3401 .

156 3423 347 3484 -llorrendum
366 3421 468 3483 Aoniis
490 3433 520 3484 et
541 3434 642 3485 eontra
661 3424 802 3485 stantibus
821 3443 936 3502 agmen.

229 3508 297 3588 lpse
319 3508 386 3568 novi
408 3508 545 3584 gradiens
566 3509 641 3570 furta
662 3510 701 3570 ad
720 3507 862 3570 llavortia
881 3508 953 3571 belli

161 3593 248 3672 Ponit
266 3593 400 3653 adoratas
423 3591 559 3654 Phoebea
579 3595 702 3671 iusignia
721 3593 852 3670 irondes,

158 3678 370 3757 Longaevique
392 3678 475 3739 ducis
495 3679 606 3755 gremio
629 3679 809 3740 conmmendat
828 3678 969 3740 bonoram
1111 3688 1163 3743 255
