2842 4300
257 374 317 438 196
573 390 615 438 n.
640 389 775 441 aarum
794 390 911 441 suanm

256 544 338 606 lllius
359 560 509 623 exangues
529 546 639 609 hroseri
660 557 691 608 et
710 548 847 628 periossa
867 557 1023 629 pateseunt

255 629 397 705 Pectora,
421 648 476 691 oeu
493 633 587 691 venus
607 632 667 693 alte
687 650 775 711 qaurn
794 634 872 694 etsta
891 633 1004 693 resedit

257 713 445 793 Tempestas,
465 725 585 793 surgunt
603 718 735 797 scopuli,
757 719 949 798 quaesitaque
967 720 1064 777 emtis

256 797 364 875 Terra,
387 808 418 860 et
437 799 474 861 ah
496 800 609 861 iniestis
628 802 811 863 deseendunt
829 820 959 883 aequora
980 806 1070 863 sarde
1202 814 1252 865 525

320 882 395 957 Quid
416 886 495 964 ripas
514 887 644 946 tenuisse
665 884 764 948 iuvat?
784 890 892 968 premit
907 887 1035 966 undique
1054 888 1153 949 nimbo
1317 885 1318 902 ¹

255 970 392 1030 Telorum
412 968 571 1031 Phoenissa
590 971 714 1049 cohors,
739 990 795 1034 nee
816 974 942 1051 tegmina
964 972 1103 1033 semim

254 1054 336 1131 Ulia,
357 1055 508 1135 omnisque
527 1063 607 1133 patet
629 1056 705 1126 leto:
727 1068 796 1118 tono
816 1058 937 1118 vulnera
958 1066 1083 1133 manant,

255 1139 371 1217 Quique
392 1138 446 1199 suh
467 1156 551 1200 amne
570 1139 617 1201 dio
639 1144 747 1221 stupuit
767 1158 871 1218 eruor,
890 1158 960 1203 aere
980 1143 1059 1203 nudo

255 1224 399 1301 Solvitur,
421 1233 450 1284 et
465 1234 569 1285 tenues
586 1242 725 1287 venarum
747 1227 826 1287 laxat
845 1228 948 1302 hiatus,
1201 1236 1253 1289 53⁰

253 1310 418 1387 lnoertique
441 1308 537 1369 labant
556 1309 691 1371 undarum
711 1312 824 1390 frigore
844 1329 977 1390 prasus

252 1392 432 1469 Procumbit,
456 1392 558 1454 Getico
578 1396 671 1473 quadis
691 1396 856 1477 procumbit
873 1400 903 1457 in
920 1396 1032 1457 dinemo

254 1481 314 1539 Seu
335 1477 448 1539 Boreae
468 1478 567 1554 iuriis,
590 1483 667 1558 putri
689 1500 743 1541 sen
760 1480 871 1541 rohore
892 1497 1019 1560 qseroos

115 1604 120 1611 ·
254 1562 348 1623 Coelo
370 1563 457 1623 mixta
479 1580 578 1623 eomas
595 1566 800 1645 ingentemque
819 1582 889 1626 aera
909 1567 998 1626 laxat.

253 1647 337 1709 hilam
358 1656 501 1707 nutantem
523 1666 622 1707 nemus
643 1658 674 1709 et
693 1668 776 1710 mons
792 1653 859 1729 ipse
879 1652 1030 1727 tremisoit‚
1200 1659 1252 1713 5³5

255 1732 318 1807 Qua
340 1732 446 1793 tellure
470 1732 569 1807 cadat,
592 1750 664 1812 quas
684 1736 790 1795 ohruat
806 1736 910 1796 ordine
930 1736 1030 1796 siivas.

314 1815 380 1877 Non
400 1824 495 1877 tamen
516 1826 564 1877 aut
584 1834 683 1880 ensem
702 1821 856 1898 galeamve
879 1821 1000 1889 sadada
1024 1821 1160 1899 cuiquam
1238 1832 1245 1843 ·

254 1900 404 1979 Tangere3
425 1903 475 1962 vix
492 1904 612 1963 eredunt
634 1906 744 1981 oeulis,
765 1907 952 1984 ingentiaque
973 1905 1094 1965 horrent

252 1986 382 2063 Funera,
406 1996 435 2047 et
455 1987 602 2047 adstrictis
625 1990 769 2049 aooedunt
786 1992 917 2051 eominus
938 1992 1034 2050 armis.

255 2071 382 2132 Tandem
403 2072 471 2132 adiit
490 2071 642 2153 hippurus,
662 2075 854 2156 capulumque
873 2077 902 2135 in
924 2084 1019 2136 morte
1035 2078 1148 2134 tenenti
1200 2085 1251 2138 54⁰

253 2157 401 2233 Extrahit,
425 2167 455 2217 et
475 2166 576 2218 toruos
599 2158 707 2220 laxavit
724 2161 839 2220 casside
859 2160 966 2237 voltus,

253 2241 337 2322 Itque
359 2259 413 2321 per
428 2242 540 2302 Aonios
558 2243 616 2303 nite
636 2261 775 2304 muoroee
794 2261 920 2306 oorssoo

254 2329 432 2406 Suspensum
454 2335 602 2387 ostentans
619 2329 734 2406 galeam
753 2339 785 2390 et
806 2330 937 2391 oiamore
958 2329 1107 2408 superbit:

255 2410 326 2470 ‘iiio
348 2411 427 2470 ierus
448 2410 666 2490 Hippomedon,
685 2414 733 2473 hie
754 2414 945 2476 formidabilis
965 2415 1043 2474 nitor

255 2495 373 2571 Tydeos
391 2495 498 2554 infandi
518 2495 742 2575 debellatorque
759 2501 870 2560 cruenti
1199 2510 1250 2562 osi

254 2579 402 2656 Gurgitis)
441 2579 570 2656 Agnovit
590 2580 678 2658 longe
700 2584 866 2661 pressitque
888 2584 1020 2644 dolorem

191 2709 197 2728 .
253 2662 450 2741 Magnanimos
476 2661 644 2746 Capaneus,
663 2666 814 2748 telumque
833 2670 947 2728 inmane
969 2668 1082 2728 iuoerto

252 2747 390 2808 Hortatur
411 2749 534 2810 librans:
557 2751 652 2812 ‘Ades
673 2768 691 2811 o
712 2753 796 2829 mihi,
818 2753 957 2829 dextera,
976 2761 1083 2813 tantum

254 2832 298 2892 Tu
319 2851 461 2912 praesens
483 2834 569 2895 hellis
591 2845 621 2896 et
638 2837 808 2898 inevitabile
825 2855 941 2913 namen,

254 2916 297 2977 Te
318 2935 409 2994 voco,
431 2927 462 2977 te
484 2920 575 2979 solam
594 2937 731 3000 superum
752 2931 935 3003 contemptor
955 2923 1068 2983 adoro'
1200 2937 1250 2988 ooo

318 3003 367 3062 Sio
386 3004 440 3077 ait,
461 3011 490 3062 et
511 3006 571 3064 uoti
593 3023 660 3066 sese
683 3007 754 3067 iaoit
774 3010 839 3087 ipse
859 3017 1018 3088 potentem
1318 3004 1320 3017 ⁴

255 3085 280 3146 lt
300 3086 489 3147 tremebunda
510 3087 592 3148 abies
613 3089 739 3170 clipeum
759 3109 815 3172 per
835 3103 973 3154 etaerae
994 3102 1078 3170 terga

254 3170 376 3231 horione
399 3171 572 3252 tandemque
594 3177 714 3236 animam
737 3176 791 3237 snh
813 3187 937 3258 peetore
957 3194 1063 3256 magno

110 3283 123 3300 κ
254 3254 427 3333 Deprendit:
448 3259 504 3318 ruit
525 3257 600 3320 hand
619 3260 679 3320 aiio
700 3279 786 3341 quarn
807 3264 888 3324 eelsa
909 3264 1028 3341 fragore

257 3339 370 3417 Turris,
394 3341 442 3402 uhi
461 3345 625 3404 innumeros
644 3347 760 3423 penitus
781 3355 915 3425 quassata
936 3365 991 3426 per
1011 3349 1085 3406 iotus
1198 3358 1249 3411 555

254 3424 370 3485 hahitur
391 3427 597 3507 edraotamque
619 3431 715 3506 aperit
732 3431 894 3490 vietorihus
912 3431 1022 3492 urhem.

256 3508 309 3569 Cui
329 3528 418 3590 super
439 3513 595 3572 assistens:
619 3512 701 3573 ‘Non
723 3515 875 3575 inhtiamur
893 3515 1031 3577 honorem

254 3592 371 3670 Hortis,
395 3596 449 3670 ait,
471 3595 552 3655 refer
572 3596 629 3656 hae
649 3599 769 3674 oeulos,
792 3616 850 3676 eqo
869 3601 999 3662 volneris
1018 3613 1135 3672 auctora

254 3676 357 3738 Laetus
380 3678 442 3754 ahi,
464 3679 641 3760 multumque
662 3682 727 3743 aliis
748 3685 902 3746 iactantior
919 3686 1038 3747 umbris.
