2842 4300
121 323 149 410 s
225 345 267 404 so
566 341 891 422 erumnarum
944 313 948 320 ¹

74 556 76 558 .
131 586 134 590 ,
228 510 289 572 Sed
309 519 373 575 tuas
396 518 476 572 artes
496 528 570 590 puer
592 510 785 587 antediscat,
858 519 862 528 “

227 594 318 654 Omne
342 597 406 674 quis
426 595 521 655 mundi
542 595 655 655 senium
676 612 829 656 remensus

228 677 302 740 Orsa
323 679 444 740 Sallusti
463 679 563 740 brevis
585 687 615 740 et
637 679 748 740 Timaui
797 753 800 760 Ι

363 763 502 826 ''Reddis
524 763 688 824 alimmum..
732 814 737 820 .

294 919 375 974 vm.
398 919 450 970 an
472 919 611 972 romum
634 917 896 977 muraenarum
919 916 968 972 on
984 913 1158 973 'Pnonnm
1233 907 1240 916 ’

286 1015 384 1076 Pande
404 1015 486 1076 fores
508 1033 646 1094 superum
665 1015 827 1094 vittataque
849 1015 958 1094 templa
974 1014 1102 1078 'Sabaeis

225 1099 358 1163 Nubibus
380 1109 409 1159 et
430 1099 575 1179 pecudum
599 1099 679 1159 libris
701 1097 880 1177 spirantibus
898 1099 991 1178 inple,

226 1183 427 1264 Parthenope;
450 1183 522 1244 clari
543 1202 637 1262 genus
659 1201 733 1242 eece
752 1181 930 1245 Menecratis
951 1193 1041 1262 auget
1121 1206 1124 1212 ¹
1147 1205 1152 1208 ·
1179 1212 1205 1240 a

227 1267 326 1329 'l'ertia
344 1269 400 1328 iam
417 1267 559 1328 soboles..
588 1268 749 1328 Procerum
767 1267 821 1327 tibi
841 1266 943 1328 nobile
958 1269 1065 1351 vulgus

228 1350 344 1414 Crescit
367 1361 396 1413 et
418 1353 510 1413 insani
531 1352 644 1412 solatur
665 1351 772 1412 damna
788 1351 910 1411 Vesevi.
1215 1363 1233 1416 s

290 1435 355 1498 Nec
379 1437 475 1498 solum
496 1436 589 1497 festas
610 1445 727 1496 secreta
747 1435 890 1516 Neapolis
912 1453 979 1497 aras

227 1519 361 1596 Ambio,
384 1530 414 1584 et
435 1521 511 1582 socii
534 1529 636 1600 portus
658 1520 827 1599 dilectaque
845 1520 922 1580 mitis

118 1611 120 1613 ’
227 1603 319 1665 Terra
341 1603 543 1680 Dicarcheae,
564 1621 700 1664 necnon
722 1604 811 1682 plaga
835 1621 904 1666 cara
926 1603 1053 1666 madenti

134 1703 137 1710 ·
228 1689 398 1750 Surrentina
421 1689 478 1748 deo
501 1689 588 1748 sertis
609 1689 712 1750 altaria
734 1690 842 1766 cingat,

228 1772 353 1833 lllaterni
374 1790 430 1852 qna
450 1772 516 1832 litus
536 1772 599 1847 ari,
622 1790 709 1850 quern
730 1771 816 1832 turba
836 1780 976 1851 nepotum
1006 1771 1009 1774 ’
1199 1782 1235 1835 10

229 1855 341 1916 Circuit
362 1866 400 1934 et,
414 1857 524 1928 similes
546 1857 694 1916 contendit
716 1855 844 1916 reddere
865 1856 971 1916 vultus.
1020 1881 1023 1886 ·
1085 1885 1088 1888 ·

228 1939 361 2002 Gaudeat
380 1949 410 2001 et
428 1939 538 2017 Libyca
556 1941 721 2020 praesignis
742 1941 902 2001 avunculus
923 1941 1029 2016 hasta,

228 2023 372 2103 Quaeque
396 2025 453 2085 sibi
474 2025 593 2103 genitos
613 2033 695 2104 putat
716 2025 883 2105 attollitque
905 2025 1032 2100 benigno

225 2108 309 2170 Polla
331 2110 404 2171 sinu.
447 2107 561 2189 Macte,
584 2127 602 2171 o
624 2110 754 2186 iuvenis,
778 2112 827 2189 qui
849 2118 926 2171 tanta
946 2109 1070 2170 merenti

226 2192 343 2254 Lumina
364 2194 416 2255 das
436 2196 558 2273 patriae.
590 2194 676 2255 Dulci
698 2194 796 2255 fremit
818 2213 891 2255 eece
911 2193 1032 2253 tumultu
1200 2202 1233 2256 15
1348 2198 1350 2275 ff

227 2276 284 2337 'lot
306 2276 429 2337 dominis
449 2278 571 2340 clamata
592 2279 704 2339 domus.
748 2278 854 2338 Procul
876 2287 940 2338 atra
957 2274 1086 2361 ‘recedat
1196 2302 1202 2311 ·

227 2360 356 2437 Invidia,
379 2372 467 2441 atque
489 2362 547 2422 alio
566 2362 685 2422 liventia
706 2371 829 2441 pectora
850 2360 960 2423 flectat.

228 2444 281 2505 His
304 2447 416 2505 senium
435 2446 602 2523 longaeque
625 2446 717 2505 decus
737 2448 851 2505 virtutis
874 2455 904 2505 et
924 2444 992 2506 alba

228 2528 361 2606 Atropos
384 2538 413 2589 et
430 2532 540 2608 patrius
564 2529 663 2589 lauros
682 2530 817 2609 promisit
835 2528 957 2608 Apollo.

221 2682 223 2685 ¹
292 2610 374 2691 Ergo
398 2613 477 2691 quod
497 2612 647 2673 Ausoniae
669 2623 754 2691 pater
768 2616 996 2691 -uugustissimus
1014 2612 1145 2682 orbim⁴
1199 2622 1234 2677 to

229 2694 277 2757 lus
299 2696 352 2756 tihi
374 2698 555 2775 tergeminae
577 2697 700 2758 dederat
719 2698 865 2766 laetabile.
879 2698 984 2777 prolis,
1209 2722 1213 2731 ·
1343 2706 1347 2712 ’

229 2778 322 2856 Omen
345 2790 417 2841 erat.
458 2780 546 2841 Venit
568 2782 675 2841 totiens
698 2780 806 2844 Lucina
828 2782 966 2860 piumque
999 2825 1002 2830 >
1096 2857 1099 2861 ι

229 2862 349 2925 intravit
370 2866 497 2944 repetita
518 2864 618 2924 larem.
663 2865 713 2925 Sic
734 2865 857 2941 fertilis,
880 2883 946 2942 oro,

229 2948 295 3007 Stet
318 2948 420 3009 domus
439 2957 469 3008 et
491 2948 575 3008 donis
595 2966 748 3028 numquam
769 2950 875 3010 nudata
898 2950 1032 3010 sacmtis.
1348 2990 1350 3005 .

248 3050 251 3055 ¹
292 3030 405 3108 Macte,
429 3031 507 3111 quod
530 3041 560 3091 et
581 3033 682 3112 proles
703 3032 757 3093 tibi
778 3034 896 3112 saepius
918 3034 1004 3112 aneta
1025 3032 1103 3095 virili
1198 3042 1233 3096 m

230 3112 368 3182 Robore;
390 3132 423 3174 se
445 3116 542 3175 iuveni
563 3116 668 3177 laetam
691 3115 842 3195 dat‘v'irgo
867 3120 997 3195 parenti.
1043 3134 1046 3139 ·
1348 3116 1350 3125 '

229 3198 336 3278 Aptior
357 3198 401 3259 his
422 3200 529 3275 virtus,
551 3200 635 3260 citius
657 3200 737 3261 dabit
755 3202 806 3261 illa
826 3210 965 3279 nepotes,
986 3206 989 3209 ’
1037 3208 1040 3212 “

134 3284 140 3295 ‘
230 3282 333 3357 Qualis
355 3283 491 3343 maternis
511 3282 625 3344 llelene
644 3285 700 3345 iam
720 3284 807 3361 digna
826 3284 983 3364 palaestris
1016 3306 1027 3316 ‘³
1129 3346 1139 3351 .,

228 3366 308 3427 luter
328 3366 507 3442 Amyclaeos
527 3368 662 3447 reptabat
684 3369 807 3429 candida
828 3370 966 3445 tratres,.-
1007 3385 1012 3393 ·
1049 3385 1053 3392 ’
1098 3386 1133 3409 ··

228 3450 287 3512 Vel
310 3450 404 3529 qualis
428 3451 504 3511 coeli
524 3451 633 3528 iacies,
652 3452 701 3513 uhi
722 3462 811 3514 noete
831 3468 939 3519 serena
1000 3505 1003 3510 ,
1049 3488 1064 3520 :·
1109 3470 1112 3496 =
1152 3502 1156 3507 ,
1199 3462 1237 3517 30

228 3535 398 3597 Admovere
420 3534 503 3595 iubar
523 3536 637 3602 mediae
659 3536 719 3601 duo
739 3536 837 3597 sidera
857 3537 973 3598 lunae..
1058 3554 1061 3559 ·
1107 3553 1112 3561 ·

230 3620 291 3681 Sed
312 3636 421 3699 queror
443 3618 519 3681 haud
540 3620 663 3701 faciles,
688 3622 824 3683 iuvenum
842 3622 1005 3700 rarissime,
1029 3629 1150 3701 questus
