2842 4300
534 371 772 423 sumebamus
791 373 824 421 L.
844 373 868 422 1.

208 531 335 610 Navigat
356 528 479 591 iniustae
501 528 674 591 temerarius
693 528 805 589 arbiter
825 527 906 605 ldae,

207 617 294 678 Eheu
316 633 392 696 quos
413 616 539 694 gemitus
559 615 647 675 terris
667 613 837 693 pelagoque
859 614 991 675 daturus!

211 701 294 776 Quos
315 699 398 760 mihi!
422 702 466 761 sie
487 699 632 777 Phrygiae
653 715 811 777 pensamus
832 699 962 778 praemia
982 697 1107 778 palmae.

207 788 245 848 lii
265 785 391 846 Veneris
410 801 527 861 meres,
546 783 605 844 hoe
623 791 726 860 gratae
745 800 847 842 munus
868 782 1012 859 alannae,
1056 811 1064 827 ι
1180 789 1216 845 ta

207 871 268 932 Hes
288 869 392 931 saltem
407 903 450 916 --
462 863 520 929 uun
542 867 690 928 semideos
709 875 878 927 nostramve
895 876 1050 947 reportant

209 956 327 1017 Thesea
348 984 407 1030 -α,
427 955 452 1014 si
473 952 539 1033 quis
560 950 655 1013 adhue
674 950 887 1028 honorandis,
911 951 1004 1013 obrue
1024 967 1142 1031 puppes

207 1041 268 1101 Aut
288 1037 424 1118 permitte
445 1037 566 1104 iretum;
589 1036 668 1096 nulla
690 1035 892 1113 inelementia,
912 1035 958 1097 ias
975 1036 1030 1101 sit.

207 1125 266 1186 Pro
285 1131 353 1184 nato
375 1119 504 1184 timuisse
526 1120 604 1182 mihi.
645 1120 690 1180 Da
710 1120 820 1181 tallere
841 1119 958 1196 duetus,

207 1207 275 1270 Nee
295 1207 347 1268 tihi
369 1207 406 1268 de
427 1207 513 1268 tantis
536 1205 654 1285 plaeeet
674 1223 726 1265 me'
742 1203 880 1265 ductibus
899 1213 986 1266 uasat
1180 1212 1234 1274 ts,

208 1291 289 1353 Litus
312 1299 342 1352 et
362 1291 444 1352 lliaei
465 1289 608 1370 scopulos
630 1287 763 1350 habitare
784 1287 940 1368 sepulcri!

277 1375 388 1437 Orabat
407 1376 514 1437 lauiata
535 1391 634 1434 eomas
655 1382 685 1434 et
707 1382 831 1452 pestere
852 1372 931 1434 audo

211 1458 365 1522 Caeruleis
387 1459 524 1521 obstabat
546 1459 639 1537 equis.
685 1457 768 1518 'iuue
787 1462 889 1518 tester
907 1472 1046 1537 uquarum

209 1545 316 1606 inritat
335 1561 421 1621 curru
440 1544 585 1621 dietisqae
607 1543 648 1603 ita
666 1541 777 1602 muloet
797 1542 914 1602 amieis:
1159 1578 1165 1586 ι

209 1629 274 1690 ‘Ne
290 1637 361 1708 pets
382 1627 557 1689 Dardaniam
578 1626 701 1704 frustra,
727 1625 824 1704 Theti,
842 1641 980 1704 mergere
997 1625 1153 1686 classem(
1182 1633 1219 1688 8⁰

208 1713 281 1776 Fata
302 1719 418 1773 vetant:
439 1717 519 1772 ratus
541 1709 615 1772 ordo
638 1711 718 1788 deis,
740 1711 868 1770 masere
888 1717 1033 1787 eruentes„

209 1797 409 1876 Europaeque
427 1795 577 1875 Asiaeque
599 1811 716 1871 marrus,
739 1795 934 1874 eousultapue
952 1793 1034 1858 bella
1062 1813 1065 1818 ·

209 1881 342 1961 luppiter
364 1889 393 1941 et
411 1882 510 1941 tristes
533 1879 624 1940 edixit
646 1878 787 1940 caedibus
809 1895 912 1940 anuos.

211 1965 305 2041 Quem
325 1973 355 2025 tu
378 1963 439 2025 illie
460 1973 557 2025 uatum
577 1964 669 2040 Sigeo
691 1964 721 2022 iu
742 1963 883 2041 pulvere,
907 1964 1013 2042 quauta

211 2049 370 2129 Adspieies
390 2049 496 2110 viemix
514 2047 704 2126 Pbrygierum
723 2047 827 2106 musra
848 2044 990 2106 matrum?
1182 2054 1218 2108 85

211 2133 306 2209 Quum
327 2141 393 2194 turus
415 2131 566 2194 Aeaeides
584 2132 686 2211 tepido
708 2131 797 2193 medo
816 2132 956 2209 sauguine
974 2129 1107 2191 'l'euerss

210 2217 339 2280 Undabit
360 2234 499 2296 campos,
521 2216 609 2277 modo
631 2234 732 2277 erasse
751 2216 834 2275 exire
854 2215 967 2276 vetabit

208 2292 341 2365 Flumine
365 2312 395 2363 et
413 2302 564 2363 Heetoree
583 2300 711 2363 tardabit
729 2299 834 2361 iuuere
857 2316 960 2359 sumus

210 2386 400 2467 impelletque
426 2404 510 2446 mauu
532 2394 667 2461 austros,
689 2402 782 2464 opera
803 2384 904 2459 inrita,
922 2400 1032 2444 murus.

210 2472 302 2533 Pelea
321 2472 377 2531 iam
400 2471 509 2532 desiste
529 2471 613 2549 queri
634 2469 839 2549 thalamosque
859 2469 999 2546 minores,
1184 2473 1221 2531 90

166 2558 168 2565 ’
213 2554 383 2617 credideris
403 2556 557 2635 peperisse
580 2554 652 2615 lori.
696 2553 762 2615 Nee
781 2552 873 2614 inulta
892 2552 1020 2630 dolebis,

214 2639 354 2718 flagratis
377 2649 460 2700 utere
482 2639 576 2699 iretis.
600 2637 699 2699 ¹Dabo
722 2638 830 2699 toliere
852 2637 969 2714 duetus,

213 2724 309 2799 Quum
330 2724 457 2785 reduces
479 2722 571 2784 Danai
592 2730 794 2801 nocturnaque
816 2722 900 2800 sigua
922 2719 1092 2800 Caphereus

210 2808 324 2870 Exeret
345 2818 374 2869 et
391 2809 483 2871 dirum
505 2809 617 2888 pariter
635 2822 810 2886 quaeremus
832 2805 970 2866 Ulixem?
1205 2806 1209 2813 '

202 2959 211 2971 ,
276 2892 409 2955 Dixerat.
453 2891 507 2953 llls
529 2893 612 2971 graui
632 2891 743 2951 vultum
764 2890 890 2951 demissa
912 2889 1046 2970 repulsu,
1185 2898 1225 2953 95

214 2976 297 3051 Quae
319 2979 375 3039 iam
396 2977 497 3038 excire
519 2976 625 3037 iretum
647 2975 807 3036 stratibus
826 2974 940 3037 bellare
961 2974 1084 3056 parabat
1256 2975 1261 2981 ’

212 3061 328 3139 Iliacis,
344 3062 426 3123 alios
448 3063 552 3122 iterum
574 3068 738 3122 commenta
761 3068 890 3140 paratas,

215 3146 319 3207 Tristis
342 3146 379 3207 ad
398 3145 572 3207 Haemonias
584 3146 748 3224 'detorquet
765 3144 885 3205 brachia
906 3154 1012 3205 terras.

217 3230 277 3291 Ter
299 3239 403 3291 conata
421 3248 522 3308 mauu,
545 3230 685 3310 liquidum
705 3239 752 3289 ter
771 3228 925 3307 gressibus
943 3245 1056 3308 sequar

182 3374 188 3381 ,
215 3314 374 3394 Reppulit,
398 3324 428 3375 et
447 3317 550 3376 niveas
571 3315 679 3375 feriunt
699 3314 774 3375 vada
795 3312 939 3375 Thessala
957 3314 1085 3392 plautas.
1171 3326 1223 3378 100

212 3398 369 3459 Laetantur
389 3408 519 3478 mentes,
546 3408 576 3460 et
595 3398 762 3460 eeuubiaiia
778 3398 909 3477 pauduut

214 3482 420 3559 detrusimus,
444 3484 564 3564 lateque
585 3484 662 3545 deae
681 3482 845 3563 Sperehios
861 3481 987 3544 abundat
1021 3542 1023 3544 ,
1127 3534 1131 3539 ,

215 3566 327 3627 Obvius
351 3577 381 3629 et
404 3567 482 3629 dulei
504 3570 631 3647 vestigia
652 3568 756 3629 eireuit
777 3567 863 3627 uude.

217 3648 272 3713 Illa
290 3652 360 3713 nihil
379 3655 480 3731 gavisa
503 3653 579 3733 loei,
601 3652 656 3715 sed
678 3661 787 3735 coepta
809 3652 913 3731 fatiget
939 3680 943 3688 ι
