2842 4300
231 327 292 389 ltt
576 338 615 388 m·
629 337 764 387 aaaron
784 336 903 387 suurn

230 490 448 575 Terrilicaeque
471 493 564 571 adytis
585 512 679 561 acces
701 494 879 573 clausaeque
900 491 1022 553 deoru!

231 582 344 660 Sponte
365 580 462 648 iores:
482 598 558 639 nunc
579 581 772 657 sanguineus,
794 596 872 638 nanc
892 595 1004 638 meus
1021 578 1134 654 imber,

229 664 269 725 llt
290 664 377 725 subiti
399 663 501 725 blanca
522 664 698 743 beatumque
720 679 862 724 occursus
884 677 1013 724 avorum

230 750 311 810 l'unc
331 758 360 809 et
381 749 556 828 Apollineae
579 759 700 811 tacuere
718 746 838 808 oracula
859 744 1008 823 cyrrhae,
1180 756 1238 811 410

229 834 267 895 Et
288 852 345 894 uon
366 834 491 895 assuetis
513 850 628 913 pernox
649 832 771 893 ululavit
791 831 912 891 llleusia

229 918 395 995 Mercibus,
416 928 446 979 et
464 918 581 998 templis
602 918 707 999 Sparte
729 934 876 996 praesaga
895 915 1021 977 reclusis

229 1003 309 1063 Vidit
328 1003 522 1080 Amyclaeos,
544 1002 671 1063 lacinus!
701 1019 879 1061 concurrere
901 1002 1019 1064 intres.
1085 1081 1087 1084 Ι

294 1088 427 1148 Arcados
449 1088 564 1149 insanas
582 1088 689 1149 latrare
706 1086 850 1163 Lycaonis
869 1085 986 1146 umbras

230 1172 325 1233 Nocte
348 1172 444 1233 lerunt
462 1174 566 1250 tacita,
589 1190 681 1233 saevo
703 1171 864 1232 denarrare
884 1186 990 1249 campe
1177 1180 1235 1235 415

231 1256 409 1317 Oenomaum
429 1275 481 1318 sua
502 1257 568 1319 Pisa
589 1258 690 1317 refert.
735 1255 891 1316 Acbeloca
912 1264 1040 1335 unoque

229 1340 400 1402 Deformem
423 1358 512 1401 cornu
533 1360 625 1419 uagus
645 1340 802 1401 infamabat
816 1340 961 1402 Acarnan.

230 1426 357 1487 Perseos
379 1426 508 1503 effigiem
525 1436 666 1488 moestam
688 1434 869 1505 exorantque
888 1424 1032 1501 llyceuae

233 1508 392 1570 Confusam
413 1509 530 1571 lunonis
551 1511 637 1581 ebur;
659 1511 773 1588 mugire
790 1518 940 1589 potentem

230 1594 360 1656 Inachon
378 1595 543 1671 agricolae,
566 1597 673 1673 gemini
693 1596 780 1655 maris
800 1594 898 1655 incola
917 1602 1014 1655 narrat
1177 1604 1234 1659 ἕω

231 1677 399 1739 Thebanum
421 1688 482 1739 toto
500 1679 650 1759 planxisse
671 1678 845 1757 Palaemona
867 1688 969 1757 ponto.

230 1762 311 1823 llaec
333 1764 411 1824 audit
430 1763 560 1843 Pelopea
583 1763 726 1843 phalanx,
746 1764 801 1825 sed
821 1764 947 1824 bellicus
967 1763 1056 1825 ardor

232 1846 369 1909 Consiliis
388 1848 485 1909 obstat
504 1850 601 1909 divum
622 1848 818 1929 prohibetque
838 1850 943 1910 timeri.

294 1932 353 1994 lam
374 1935 469 2013 ripas,
488 1933 608 2013 Asopo,
629 1943 696 1993 tuas
718 1934 889 2013 Boeotaque
910 1942 1027 1994 venturu

230 2018 374 2085 Flumina;
398 2037 455 2078 non
478 2036 567 2079 ausae
585 2019 781 2079 transmittere
801 2020 932 2097 protinus
953 2018 1020 2078 alae
1175 2026 1230 2081 42⁵

229 2103 372 2164 llostilem
392 2104 522 2174 durium
543 2105 621 2166 forte
643 2113 673 2164 et
693 2102 904 2183 trepidantibus
923 2104 1027 2181 iugera

231 2189 439 2250 Descendebat
458 2191 555 2268 agris,
578 2191 688 2250 animos
710 2191 773 2249 sire
795 2187 927 2248 imbriier
946 2205 1048 2266 arcus,

230 2275 290 2334 Seu
311 2283 446 2336 montana
467 2275 548 2336 dedit
566 2274 677 2349 nubes,
702 2291 757 2333 seu
778 2273 901 2333 llumiuis
923 2271 974 2332 illa

229 2357 312 2418 blens
334 2358 402 2432 luit,
425 2357 617 2437 obiectusque
637 2357 714 2418 vado
736 2367 821 2437 pater
840 2375 919 2418 arma
939 2355 1068 2419 vetabet.

221 2467 223 2471 ·
293 2441 373 2502 'lunc
391 2442 472 2502 ieras
488 2441 692 2521 llippcmmon
705 2459 810 2519 magno
831 2459 895 2502 curn
912 2441 1054 2518 fragmine
1070 2440 1156 2521 ripae
1175 2449 1229 2506 430

231 2525 421 2588 Cunctantem
440 2526 546 2591 deiecit
562 2545 687 2605 maun,
709 2525 889 2606 ducibusque
907 2525 1019 2586 relictis

232 2610 351 2689 Gurgite
372 2610 411 2672 de
434 2612 531 2672 aredio
548 2611 642 2672 irenis
664 2629 825 2690 suspensus
847 2619 878 2671 et
898 2610 986 2670 armis

230 2695 294 2758 ‘lte
312 2697 383 2773 viri,
407 2697 526 2773 clamat,
551 2697 594 2757 sic
615 2711 670 2755 voa
692 2697 721 2755 in
741 2697 855 2756 moenia
875 2697 984 2774 primus

114 2800 116 2805 ·
229 2779 365 2857 Ducere,
389 2781 432 2840 sic
453 2781 569 2842 clausas
588 2797 685 2841 rosen
708 2781 892 2860 perfringere
911 2777 1052 2841 ructor

290 2866 484 2943 Praecipitant
504 2867 602 2926 cuncti
622 2866 728 2942 durio,
750 2866 909 2944 puduitque
930 2872 1060 2926 secutos.
1176 2871 1229 2927 ebt

229 2952 275 3012 Ac
296 2949 377 3009 velut
395 2950 523 3027 ignotum
545 2951 569 3010 si
590 2950 707 3029 quando
723 2959 852 3010 armenta
873 2967 929 3029 per
950 2965 1063 3010 amnem

229 3036 333 3097 Pastor
352 3035 428 3112 agit,
450 3043 507 3095 stat
528 3036 611 3094 triste
633 3053 744 3114 pecus,
765 3033 870 3114 procul
887 3033 980 3094 altera
1001 3031 1091 3094 tellus

228 3118 369 3182 Omnibus
391 3127 421 3178 et
440 3119 499 3180 late
516 3119 626 3179 medius
644 3121 744 3180 timor:
764 3127 809 3181 aet
827 3117 877 3178 ubi
896 3117 1001 3179 ductor

229 3203 342 3263 Taurus
364 3205 414 3264 init
435 3204 564 3284 lecitque
586 3205 707 3280 vadum,
728 3213 798 3264 tunc
817 3201 937 3263 mollior
956 3201 1048 3278 unda,

230 3286 312 3347 'l'uuc
332 3287 436 3348 faciles
460 3289 567 3364 sabas,
589 3290 731 3368 visaeque
750 3288 896 3348 accedere
917 3288 1009 3366 ripae.
1173 3293 1229 3350 44⁰

292 3371 374 3432 lland
396 3374 499 3450 procul
520 3374 586 3434 inde
608 3374 705 3451 iugum
724 3374 853 3451 tutisque
872 3371 1061 3434 accommoda
1079 3371 1186 3435 murts

229 3457 442 3532 devenerant,
466 3458 541 3518 anda
562 3457 663 3518 urbem
684 3459 772 3519 sdan
791 3466 947 3538 turresque
965 3456 1099 3518 riderem

229 3542 378 3611 Sidoniam
399 3541 508 3620 placuit
528 3543 616 3604 sedes
639 3543 747 3624 fidique
765 3551 921 3622 receptus,

228 3623 313 3687 Colle
336 3645 390 3708 per
410 3627 561 3688 excelsum
580 3629 696 3709 patulo,
718 3645 805 3706 quem
827 3627 928 3690 subter
946 3633 1051 3707 aperto
