2842 4300
502 362 701 413 uuuunnnos
724 363 795 411 mu.
811 364 860 410 1x.
1122 351 1177 412 191

245 518 333 579 Arma
354 518 461 581 decent
480 518 636 595 humeros,
660 520 833 601 clipeosque
852 519 975 597 insignis
995 530 1024 581 et
1045 540 1116 582 auro

180 603 307 665 Lucidus
328 602 440 663 Aoniae
463 604 592 665 caelatur
614 605 729 681 origine
747 608 853 683 gentis.

182 688 299 749 Sidonis
320 687 368 749 bic
390 688 488 749 blaudi
508 706 563 767 per
585 688 706 751 candida
727 700 811 767 terga
830 690 946 749 iuuenci

180 773 241 833 lam
263 791 367 833 secura
387 774 491 849 maris,
515 774 624 834 teneris
647 775 703 835 iam
722 792 831 835 cornua
852 773 955 853 palmis
1128 784 1180 837 335

181 856 249 918 Non
269 866 364 934 tenet,
388 859 525 919 extremis
548 858 677 919 alludunt
696 876 826 939 aequora
845 858 961 937 plantis.

182 943 230 1003 lre
252 952 337 1022 putes
360 942 458 1021 clipeo
483 942 645 1022 {luctusque
668 962 772 1004 secare
794 944 955 1003 iuvencum.

183 1028 308 1088 Adiuvat
329 1027 403 1088 unda
425 1028 527 1102 iidem,
554 1028 663 1106 pelago
687 1046 744 1089 ncc
764 1028 896 1089 discolor
916 1028 1015 1088 amnis.

249 1112 329 1171 Tunc
351 1112 444 1173 audax
466 1113 575 1191 pariter
595 1112 662 1173 telis
683 1122 713 1173 et
733 1131 809 1173 uoce
831 1120 969 1191 proterva

181 1197 415 1277 Hippomedonta
438 1198 524 1275 petit:
557 1196 643 1257 ‘Non
661 1198 738 1259 baec
757 1197 902 1258 foecunda
921 1214 1037 1256 veneno
1128 1206 1181 1260 340

182 1282 292 1359 Lerna,
320 1300 375 1341 nec
393 1280 547 1341 Herculeis
562 1281 689 1343 'banstae
711 1282 896 1362 serpentibus
914 1280 1018 1341 undae.

183 1368 304 1429 Sacrum
314 1384 440 1443 amnem,
457 1384 587 1442 sacrum,
600 1402 643 1413 --
655 1377 684 1427 et
695 1368 800 1444 miser,
818 1366 1029 1445 experiere-
1038 1366 1181 1444 deumque

182 1452 311 1511 Altriccs
333 1452 471 1530 inrumpis
493 1456 606 1531 aquas?
649 1452 728 1513 Nihil
749 1453 818 1527 ille,
840 1451 894 1511 sed
915 1450 975 1510 ibat

185 1535 335 1603 Cominus;
359 1537 496 1615 opposuit
516 1536 630 1597 cumulo
653 1554 686 1596 se
709 1538 829 1597 densior
848 1536 938 1596 amnis

184 1620 377 1700 Tardavitqne
399 1638 526 1697 manum,
552 1621 655 1681 vulnus
676 1630 772 1683 umen
791 1621 842 1681 illa
862 1628 1006 1681 retentum
1129 1632 1180 1683 345

181 1705 321 1782 Pertulit,
346 1715 433 1785 atque
455 1708 566 1767 animas
588 1714 648 1766 tota
671 1706 699 1765 in
717 1706 880 1785 penetralia
900 1704 985 1765 sedit.

181 1790 300 1851 Horruit
322 1791 397 1851 unda
419 1790 520 1866 nefas,
542 1789 633 1851 silvae
654 1790 776 1851 flevistis
797 1800 949 1867 utraeque,

182 1874 220 1935 Et
242 1878 377 1952 graviora
399 1892 488 1935 cavae
511 1884 668 1933 sonuerunt
688 1892 831 1935 murmura
850 1876 942 1952 ripae.

182 1958 305 2019 Ultimus
327 1960 377 2019 ille
399 1976 488 2019 sonus
509 1958 679 2019 moribundo
702 1961 820 2019 emersit
841 1958 878 2018 ab
899 1975 963 2033 ore,

184 2043 325 2104 ‘Materi’
348 2046 377 2103 in
399 2044 472 2103 banc
492 2045 590 2103 miseri
612 2044 781 2105 oeciderunt
802 2043 916 2103 llnmina
937 2058 1052 2101 vocem.
1129 2051 1182 2104 sto

247 2128 286 2190 At
306 2130 442 2207 genetrix
463 2138 548 2190 coetu
569 2127 737 2205 glaucarum
758 2130 852 2190 cineta
873 2143 1007 2188 sororum

183 2215 316 2274 Protinus
335 2217 393 2274 iota
412 2213 506 2290 malo,
528 2214 620 2276 vitrea
642 2212 680 2274 de
700 2215 778 2274 valle
802 2214 907 2279 solutis

183 2299 284 2359 Exiliit
303 2298 454 2358 furibunda
475 2299 581 2374 comis,
604 2317 639 2358 ac
660 2299 788 2360 verbero
809 2297 915 2360 crebro
1071 2353 1073 2357 ,

184 2383 301 2463 Oraque
326 2393 506 2462 pectoraque
529 2392 558 2442 et
578 2383 697 2444 viridem
720 2384 805 2444 scidit
826 2382 942 2444 horrida
963 2391 1085 2441 uestem.

185 2469 280 2547 thue
301 2469 395 2548 erupit
417 2470 498 2546 aquis
520 2470 680 2547 iterumque
703 2469 865 2548 iterumque
887 2468 1021 2528 trementi
1129 2477 1181 2530 356

184 2553 343 2630 Ingeminat
365 2551 535 2614 ‘Grenaee'
558 2559 651 2622 sono;
675 2571 815 2632 nusquam
836 2553 903 2628 ille,
927 2551 1089 2618 sedinalex

184 2637 337 2718 Desuper,
360 2637 396 2698 ah
417 2639 542 2698 miserae
561 2639 675 2698 nimium
688 2639 844 2722 'noscenda
865 2638 977 2716 parenti

185 2723 285 2783 Parma
306 2731 399 2791 natat;
422 2723 498 2784 iacet
519 2724 583 2800 ipsc
605 2722 726 2800 procul,
750 2730 806 2800 qu'a
823 2722 911 2781 mixta
932 2732 1096 2799 supremum

184 2806 320 2867 Ismenon
340 2809 423 2886 primi
443 2816 552 2866 mutant
572 2807 695 2868 confinia
717 2808 808 2886 ponti.
923 2859 926 2865 .

184 2890 381 2970 llluotivagam
402 2894 445 2952 sic
465 2910 556 2971 saepe
579 2891 692 2952 domum
712 2891 901 2970 madidosque
920 2899 1041 2970 penates
1131 2903 1183 2956 360

184 2975 335 3054 Halcyone
357 2977 473 3037 deserta
494 2977 601 3054 gamit,
625 2995 710 3054 quum
734 2975 860 3055 pignora
878 2994 984 3036 saevus

186 3061 295 3121 Auster
317 3071 345 3122 et
363 3063 495 3139 algentes
517 3062 611 3140 rapuit
633 3060 734 3121 Thetis
755 3061 849 3120 invida
871 3061 965 3121 nidos.

250 3146 390 3224 Mergitur
412 3145 483 3206 orba
506 3148 625 3222 iterum,
647 3147 821 3225 penitusque
843 3146 961 3206 occulta
981 3145 1034 3206 sub
1056 3146 1138 3206 undis
1227 3205 1233 3214 ,

186 3231 286 3291 Limite
309 3249 365 3290 non
387 3249 460 3307 uno,
483 3231 622 3309 liquidum
643 3249 698 3309 qua
720 3230 822 3290 subter
841 3232 921 3290 eunti

187 3315 276 3376 Lucet
297 3318 368 3390 iter,
389 3317 486 3375 miseri
507 3317 699 3396 nequicquam
720 3315 822 3375 lunera
842 3315 901 3376 nati
1129 3325 1181 3378 aot

186 3401 320 3478 Vestigat
340 3400 507 3479 plangitque
528 3410 637 3468 tamem
662 3419 754 3479 saepe
775 3399 910 3460 horridus
929 3400 1019 3460 amnis

186 3484 305 3561 Obstat,
329 3494 358 3544 et
379 3483 506 3544 obducto
530 3486 655 3564 caligant
675 3485 815 3562 sanguine
836 3484 926 3544 visus.

186 3570 238 3630 Illa
257 3579 351 3630 tamen
373 3587 518 3648 praeceps
540 3571 568 3630 in
589 3570 648 3630 tela
670 3569 791 3630 ollandit
810 3578 841 3628 et
864 3587 962 3645 enses,

189 3657 398 3734 Scrutaturque
418 3671 501 3716 manu
521 3655 623 3733 galeas
644 3663 674 3716 at
697 3671 789 3735 prona
808 3652 932 3716 reclinat
