<?xml version="1.0" encoding="UTF-8"?>
<!DOCTYPE html PUBLIC "-//W3C//DTD XHTML 1.0 Transitional//EN"
    "http://www.w3.org/TR/xhtml1/DTD/xhtml1-transitional.dtd">
<html xmlns="http://www.w3.org/1999/xhtml" xml:lang="en" lang="en">
 <head>
  <title>
</title>
<meta http-equiv="Content-Type" content="text/html;charset=utf-8" />
  <meta name='ocr-system' content='tesseract 3.04.00' />
  <meta name='ocr-capabilities' content='ocr_page ocr_carea ocr_par ocr_line ocrx_word'/>
</head>
<body>
  <div class='ocr_page' id='page_1' title='image "./publiuspapinius01quecgoog/publiuspapinius01quecgoog_0087.png"; bbox 0 0 2842 4300; ppageno 0'>
   <div class='ocr_carea' id='block_1_1' title="bbox 237 327 896 421">
    <p class='ocr_par' dir='ltr' id='par_1_1' title="bbox 237 327 896 421">
     <span class='ocr_line' id='line_1_1' title="bbox 237 327 896 421; baseline 0 -31"><span class='ocrx_word' id='word_1_1' title='bbox 237 327 280 390; x_wconf 67' lang='grc'><strong>51</strong></span> <span class='ocrx_word' id='word_1_2' title='bbox 572 344 604 421; x_wconf 68' lang='lat' dir='ltr'><strong>a.</strong></span> <span class='ocrx_word' id='word_1_3' title='bbox 626 339 762 390; x_wconf 78' lang='grc'><strong>1111111</strong></span> <span class='ocrx_word' id='word_1_4' title='bbox 780 341 896 392; x_wconf 78' lang='lat' dir='ltr'><strong>oraru</strong></span> 
     </span>
    </p>
   </div>
   <div class='ocr_carea' id='block_1_2' title="bbox 189 499 1292 2026">
    <p class='ocr_par' dir='ltr' id='par_1_2' title="bbox 235 499 1159 752">
     <span class='ocr_line' id='line_1_2' title="bbox 235 499 1159 580; baseline -0.002 -18"><span class='ocrx_word' id='word_1_5' title='bbox 235 500 342 562; x_wconf 80' lang='lat' dir='ltr'><strong>Montis</strong></span> <span class='ocrx_word' id='word_1_6' title='bbox 359 509 388 560; x_wconf 87' lang='lat' dir='ltr'><strong>et</strong></span> <span class='ocrx_word' id='word_1_7' title='bbox 409 501 540 560; x_wconf 87' lang='lat' dir='ltr'><strong>inmenso</strong></span> <span class='ocrx_word' id='word_1_8' title='bbox 562 514 621 560; x_wconf 87' lang='lat' dir='ltr'><strong>non</strong></span> <span class='ocrx_word' id='word_1_9' title='bbox 641 518 775 580; x_wconf 86' lang='lat' dir='ltr'><strong>nmquam</strong></span> <span class='ocrx_word' id='word_1_10' title='bbox 794 519 901 560; x_wconf 88' lang='lat' dir='ltr'><strong>exesus</strong></span> <span class='ocrx_word' id='word_1_11' title='bbox 923 499 959 560; x_wconf 90' lang='lat' dir='ltr'><strong>ab</strong></span> <span class='ocrx_word' id='word_1_12' title='bbox 981 518 1067 574; x_wconf 90' lang='lat' dir='ltr'><strong>aero,</strong></span> <span class='ocrx_word' id='word_1_13' title='bbox 1157 502 1159 507; x_wconf 81' lang='grc'>’</span> 
     </span>
     <span class='ocr_line' id='line_1_3' title="bbox 237 581 1025 665; baseline -0.006 -17"><span class='ocrx_word' id='word_1_14' title='bbox 237 581 374 655; x_wconf 60' lang='lat' dir='ltr'><strong>Terreah</strong></span> <span class='ocrx_word' id='word_1_15' title='bbox 399 587 464 665; x_wconf 89' lang='lat' dir='ltr'><strong>ipse</strong></span> <span class='ocrx_word' id='word_1_16' title='bbox 486 586 575 646; x_wconf 89' lang='lat' dir='ltr'><strong>adero</strong></span> <span class='ocrx_word' id='word_1_17' title='bbox 600 595 629 646; x_wconf 91' lang='lat' dir='ltr'><strong>et</strong></span> <span class='ocrx_word' id='word_1_18' title='bbox 652 587 803 646; x_wconf 88' lang='lat' dir='ltr'><strong>conamina</strong></span> <span class='ocrx_word' id='word_1_19' title='bbox 822 595 901 646; x_wconf 87' lang='lat' dir='ltr'><strong>tanta</strong></span> <span class='ocrx_word' id='word_1_20' title='bbox 921 584 1025 645; x_wconf 85' lang='lat' dir='ltr'><strong>iuvabo</strong></span> 
     </span>
     <span class='ocr_line' id='line_1_4' title="bbox 236 663 1005 752; baseline -0.001 -21"><span class='ocrx_word' id='word_1_21' title='bbox 236 663 410 752; x_wconf 80' lang='lat' dir='ltr'><strong>Asperaque</strong></span> <span class='ocrx_word' id='word_1_22' title='bbox 431 673 537 731; x_wconf 83' lang='lat' dir='ltr'><strong>invitae</strong></span> <span class='ocrx_word' id='word_1_23' title='bbox 560 671 738 750; x_wconf 84' lang='lat' dir='ltr'><strong>perfringam</strong></span> <span class='ocrx_word' id='word_1_24' title='bbox 758 673 875 732; x_wconf 83' lang='lat' dir='ltr'><strong>viscera·</strong></span> <span class='ocrx_word' id='word_1_25' title='bbox 895 680 1005 730; x_wconf 90' lang='lat' dir='ltr'><strong>terrae.</strong></span> 
     </span>
    </p>

    <p class='ocr_par' dir='ltr' id='par_1_3' title="bbox 236 755 967 836">
     <span class='ocr_line' id='line_1_5' title="bbox 236 755 967 836; baseline 0 -20"><span class='ocrx_word' id='word_1_26' title='bbox 236 757 337 836; x_wconf 83' lang='lat' dir='ltr'><strong>Incipe</strong></span> <span class='ocrx_word' id='word_1_27' title='bbox 360 765 390 816; x_wconf 89' lang='lat' dir='ltr'><strong>et</strong></span> <span class='ocrx_word' id='word_1_28' title='bbox 408 755 562 816; x_wconf 81' lang='lat' dir='ltr'><strong>Herculeis</strong></span> <span class='ocrx_word' id='word_1_29' title='bbox 584 756 676 818; x_wconf 80' lang='lat' dir='ltr'><strong>fideus</strong></span> <span class='ocrx_word' id='word_1_30' title='bbox 695 756 859 816; x_wconf 85' lang='lat' dir='ltr'><strong>hortatibus</strong></span> <span class='ocrx_word' id='word_1_31' title='bbox 882 755 967 827; x_wconf 86' lang='lat' dir='ltr'><strong>aude.</strong></span> 
     </span>
    </p>

    <p class='ocr_par' dir='ltr' id='par_1_4' title="bbox 235 841 1292 1004">
     <span class='ocr_line' id='line_1_6' title="bbox 235 841 1292 920; baseline -0.001 -20"><span class='ocrx_word' id='word_1_32' title='bbox 235 841 302 900; x_wconf 90' lang='lat' dir='ltr'><strong>Non</strong></span> <span class='ocrx_word' id='word_1_33' title='bbox 324 841 514 920; x_wconf 83' lang='lat' dir='ltr'>Amphioniae</span> <span class='ocrx_word' id='word_1_34' title='bbox 535 842 670 902; x_wconf 87' lang='lat' dir='ltr'><strong>steterint</strong></span> <span class='ocrx_word' id='word_1_35' title='bbox 693 841 840 901; x_wconf 87' lang='lat' dir='ltr'><strong>velocius</strong></span> <span class='ocrx_word' id='word_1_36' title='bbox 848 859 934 901; x_wconf 90' lang='lat' dir='ltr'><strong>arces</strong></span> <span class='ocrx_word' id='word_1_37' title='bbox 1187 847 1237 900; x_wconf 79' lang='grc'><strong>115</strong></span> <span class='ocrx_word' id='word_1_38' title='bbox 1289 851 1292 859; x_wconf 88' lang='grc'><em>“</em></span> 
     </span>
     <span class='ocr_line' id='line_1_7' title="bbox 236 925 1053 1004; baseline -0.005 -18"><span class='ocrx_word' id='word_1_39' title='bbox 236 927 451 1004; x_wconf 73' lang='lat' dir='ltr'><strong>Pergameusue</strong></span> <span class='ocrx_word' id='word_1_40' title='bbox 471 925 578 986; x_wconf 66' lang='lat' dir='ltr'><strong>labor?</strong></span> <span class='ocrx_word' id='word_1_41' title='bbox 618 925 697 987; x_wconf 85' lang='lat' dir='ltr'><strong>Dixit</strong></span> <span class='ocrx_word' id='word_1_42' title='bbox 717 935 903 1004; x_wconf 87' lang='lat' dir='ltr'><strong>montemque</strong></span> <span class='ocrx_word' id='word_1_43' title='bbox 924 925 1053 1004; x_wconf 82' lang='lat' dir='ltr'><strong>reliquit.</strong></span> 
     </span>
    </p>

    <p class='ocr_par' dir='ltr' id='par_1_5' title="bbox 236 1007 1137 1158">
     <span class='ocr_line' id='line_1_8' title="bbox 244 1007 1137 1090; baseline -0.003 -20"><span class='ocrx_word' id='word_1_44' title='bbox 244 1047 250 1054; x_wconf 81' lang='lat'>-</span> <span class='ocrx_word' id='word_1_45' title='bbox 277 1010 364 1072; x_wconf 36' lang='lat' dir='ltr'><strong>*Nec</strong></span> <span class='ocrx_word' id='word_1_46' title='bbox 386 1029 480 1087; x_wconf 91' lang='lat' dir='ltr'><strong>mora,</strong></span> <span class='ocrx_word' id='word_1_47' title='bbox 504 1011 671 1090; x_wconf 90' lang='lat' dir='ltr'><strong>conscripta</strong></span> <span class='ocrx_word' id='word_1_48' title='bbox 690 1011 850 1072; x_wconf 77' lang='lat' dir='ltr'><strong>formantur</strong></span> <span class='ocrx_word' id='word_1_49' title='bbox 868 1012 991 1088; x_wconf 77' lang='lat' dir='ltr'>imagine</span> <span class='ocrx_word' id='word_1_50' title='bbox 1012 1007 1137 1087; x_wconf 80' lang='lat' dir='ltr'><strong>templa:</strong></span> 
     </span>
     <span class='ocr_line' id='line_1_9' title="bbox 236 1095 1110 1158; baseline -0.005 0"><span class='ocrx_word' id='word_1_51' title='bbox 236 1097 416 1158; x_wconf 75' lang='lat' dir='ltr'><strong>Innumerae</strong></span> <span class='ocrx_word' id='word_1_52' title='bbox 429 1098 529 1156; x_wconf 90' lang='lat' dir='ltr'><strong>coiere</strong></span> <span class='ocrx_word' id='word_1_53' title='bbox 551 1113 661 1158; x_wconf 63' lang='lat' dir='ltr'><strong>mamus.</strong></span> <span class='ocrx_word' id='word_1_54' title='bbox 702 1095 755 1158; x_wconf 81' lang='lat' dir='ltr'><strong>liis</strong></span> <span class='ocrx_word' id='word_1_55' title='bbox 779 1097 907 1157; x_wconf 82' lang='lat' dir='ltr'><strong>caedere</strong></span> <span class='ocrx_word' id='word_1_56' title='bbox 928 1095 1018 1155; x_wconf 84' lang='lat' dir='ltr'><strong>silvas</strong></span> <span class='ocrx_word' id='word_1_57' title='bbox 1107 1113 1110 1118; x_wconf 91' lang='lat'>·</span> 
     </span>
    </p>

    <p class='ocr_par' dir='ltr' id='par_1_6' title="bbox 189 1180 916 1266">
     <span class='ocr_line' id='line_1_10' title="bbox 189 1180 916 1266; baseline 0 -24"><span class='ocrx_word' id='word_1_58' title='bbox 189 1186 191 1193; x_wconf 87' lang='lat'>&#39;</span> <span class='ocrx_word' id='word_1_59' title='bbox 236 1180 275 1242; x_wconf 86' lang='lat' dir='ltr'><strong>Et</strong></span> <span class='ocrx_word' id='word_1_60' title='bbox 297 1183 398 1242; x_wconf 88' lang='lat' dir='ltr'><strong>levare</strong></span> <span class='ocrx_word' id='word_1_61' title='bbox 419 1181 536 1266; x_wconf 83' lang='lat' dir='ltr'><strong>trabes,</strong></span> <span class='ocrx_word' id='word_1_62' title='bbox 560 1181 617 1240; x_wconf 91' lang='lat' dir='ltr'><strong>illis</strong></span> <span class='ocrx_word' id='word_1_63' title='bbox 633 1183 806 1260; x_wconf 74' lang='lat' dir='ltr'><strong>inmergere</strong></span> <span class='ocrx_word' id='word_1_64' title='bbox 828 1201 916 1242; x_wconf 87' lang='lat' dir='ltr'><strong>curae</strong></span> 
     </span>
    </p>

    <p class='ocr_par' dir='ltr' id='par_1_7' title="bbox 236 1255 1239 1432">
     <span class='ocr_line' id='line_1_11' title="bbox 236 1255 1239 1348; baseline -0.004 -20"><span class='ocrx_word' id='word_1_65' title='bbox 236 1255 431 1328; x_wconf 83' lang='lat' dir='ltr'><strong>Fundamenta</strong></span> <span class='ocrx_word' id='word_1_66' title='bbox 452 1267 533 1326; x_wconf 76' lang='lat' dir='ltr'><strong>solo:</strong></span> <span class='ocrx_word' id='word_1_67' title='bbox 570 1263 711 1346; x_wconf 87' lang='lat' dir='ltr'><strong>Goquitur</strong></span> <span class='ocrx_word' id='word_1_68' title='bbox 729 1283 799 1348; x_wconf 86' lang='lat' dir='ltr'><strong>pars</strong></span> <span class='ocrx_word' id='word_1_69' title='bbox 820 1266 934 1328; x_wconf 88' lang='lat' dir='ltr'><strong>humida</strong></span> <span class='ocrx_word' id='word_1_70' title='bbox 952 1274 1051 1326; x_wconf 86' lang='lat' dir='ltr'><strong>terrae</strong></span> <span class='ocrx_word' id='word_1_71' title='bbox 1187 1273 1239 1340; x_wconf 77' lang='grc'><strong>120</strong></span> 
     </span>
     <span class='ocr_line' id='line_1_12' title="bbox 237 1351 978 1432; baseline -0.001 -20"><span class='ocrx_word' id='word_1_72' title='bbox 237 1351 410 1412; x_wconf 89' lang='lat' dir='ltr'><strong>Protectura</strong></span> <span class='ocrx_word' id='word_1_73' title='bbox 431 1351 543 1412; x_wconf 89' lang='lat' dir='ltr'><strong>hiemes</strong></span> <span class='ocrx_word' id='word_1_74' title='bbox 566 1361 653 1430; x_wconf 89' lang='lat' dir='ltr'><strong>atque</strong></span> <span class='ocrx_word' id='word_1_75' title='bbox 676 1353 832 1414; x_wconf 84' lang='lat' dir='ltr'><strong>exclusura</strong></span> <span class='ocrx_word' id='word_1_76' title='bbox 850 1354 978 1432; x_wconf 89' lang='lat' dir='ltr'><strong>pruinas,</strong></span> 
     </span>
    </p>

    <p class='ocr_par' dir='ltr' id='par_1_8' title="bbox 238 1435 971 1518">
     <span class='ocr_line' id='line_1_13' title="bbox 238 1435 971 1518; baseline 0 -22"><span class='ocrx_word' id='word_1_77' title='bbox 238 1435 454 1516; x_wconf 74' lang='lat' dir='ltr'><strong>indomitusque</strong></span> <span class='ocrx_word' id='word_1_78' title='bbox 476 1437 552 1496; x_wconf 81' lang='lat' dir='ltr'><strong>silex</strong></span> <span class='ocrx_word' id='word_1_79' title='bbox 572 1454 660 1496; x_wconf 88' lang='lat' dir='ltr'><strong>curva</strong></span> <span class='ocrx_word' id='word_1_80' title='bbox 679 1438 802 1498; x_wconf 83' lang='lat' dir='ltr'><strong>fornace</strong></span> <span class='ocrx_word' id='word_1_81' title='bbox 824 1438 971 1518; x_wconf 76' lang='lat' dir='ltr'><strong>liquescit</strong></span> 
     </span>
    </p>

    <p class='ocr_par' dir='ltr' id='par_1_9' title="bbox 237 1521 1064 1686">
     <span class='ocr_line' id='line_1_14' title="bbox 237 1521 1064 1600; baseline 0.002 -19"><span class='ocrx_word' id='word_1_82' title='bbox 237 1521 415 1600; x_wconf 80' lang='lat' dir='ltr'><strong>Praecipuus</strong></span> <span class='ocrx_word' id='word_1_83' title='bbox 438 1521 489 1581; x_wconf 89' lang='lat' dir='ltr'><strong>scd</strong></span> <span class='ocrx_word' id='word_1_84' title='bbox 513 1523 588 1581; x_wconf 89' lang='lat' dir='ltr'><strong>enim</strong></span> <span class='ocrx_word' id='word_1_85' title='bbox 610 1521 695 1582; x_wconf 88' lang='lat' dir='ltr'><strong>labor</strong></span> <span class='ocrx_word' id='word_1_86' title='bbox 715 1532 761 1582; x_wconf 87' lang='lat' dir='ltr'><strong>est</strong></span> <span class='ocrx_word' id='word_1_87' title='bbox 780 1523 940 1582; x_wconf 84' lang='lat' dir='ltr'><strong>excindere</strong></span> <span class='ocrx_word' id='word_1_88' title='bbox 961 1523 1064 1583; x_wconf 87' lang='lat' dir='ltr'><strong>dextra</strong></span> 
     </span>
     <span class='ocr_line' id='line_1_15' title="bbox 240 1605 919 1706; baseline 0.004 -42"><span class='ocrx_word' id='word_1_89' title='bbox 240 1605 398 1686; x_wconf 87' lang='lat' dir='ltr'><strong>Oppositas</strong></span> <span class='ocrx_word' id='word_1_90' title='bbox 417 1613 524 1706; x_wconf 71' lang='lat' dir='ltr'><strong>parpes</strong></span> <span class='ocrx_word' id='word_1_91' title='bbox 531 1616 561 1666; x_wconf 86' lang='lat' dir='ltr'><strong>et</strong></span> <span class='ocrx_word' id='word_1_92' title='bbox 579 1623 650 1666; x_wconf 88' lang='lat' dir='ltr'><strong>saxa</strong></span> <span class='ocrx_word' id='word_1_93' title='bbox 672 1608 808 1684; x_wconf 82' lang='lat' dir='ltr'><strong>negantia</strong></span> <span class='ocrx_word' id='word_1_94' title='bbox 828 1607 919 1667; x_wconf 89' lang='lat' dir='ltr'><strong>ferro.</strong></span> 
     </span>
    </p>

    <p class='ocr_par' dir='ltr' id='par_1_10' title="bbox 237 1689 1239 1938">
     <span class='ocr_line' id='line_1_16' title="bbox 238 1689 1239 1770; baseline 0.002 -20"><span class='ocrx_word' id='word_1_95' title='bbox 238 1689 293 1750; x_wconf 89' lang='lat' dir='ltr'><strong>llic</strong></span> <span class='ocrx_word' id='word_1_96' title='bbox 313 1701 407 1770; x_wconf 88' lang='lat' dir='ltr'><strong>pater</strong></span> <span class='ocrx_word' id='word_1_97' title='bbox 416 1693 481 1769; x_wconf 89' lang='lat' dir='ltr'><strong>ipse</strong></span> <span class='ocrx_word' id='word_1_98' title='bbox 502 1691 562 1752; x_wconf 90' lang='lat' dir='ltr'><strong>ioci</strong></span> <span class='ocrx_word' id='word_1_99' title='bbox 580 1693 683 1770; x_wconf 88' lang='lat' dir='ltr'><strong>positis</strong></span> <span class='ocrx_word' id='word_1_100' title='bbox 706 1691 872 1768; x_wconf 70' lang='lat' dir='ltr'><strong>Tirynthius</strong></span> <span class='ocrx_word' id='word_1_101' title='bbox 891 1693 977 1751; x_wconf 91' lang='lat' dir='ltr'><strong>armis</strong></span> <span class='ocrx_word' id='word_1_102' title='bbox 1187 1701 1239 1754; x_wconf 76' lang='lat'><strong>125</strong></span> 
     </span>
     <span class='ocr_line' id='line_1_17' title="bbox 237 1775 1184 1856; baseline -0.001 -20"><span class='ocrx_word' id='word_1_103' title='bbox 237 1775 354 1836; x_wconf 86' lang='lat' dir='ltr'><strong>insudat</strong></span> <span class='ocrx_word' id='word_1_104' title='bbox 376 1775 530 1855; x_wconf 83' lang='lat' dir='ltr'><strong>validaque</strong></span> <span class='ocrx_word' id='word_1_105' title='bbox 554 1777 647 1835; x_wconf 84' lang='lat' dir='ltr'><strong>solum</strong></span> <span class='ocrx_word' id='word_1_106' title='bbox 666 1775 800 1837; x_wconf 83' lang='lat' dir='ltr'><strong>deforme</strong></span> <span class='ocrx_word' id='word_1_107' title='bbox 820 1777 949 1856; x_wconf 83' lang='lat' dir='ltr'><strong>bipenni,</strong></span> <span class='ocrx_word' id='word_1_108' title='bbox 1182 1782 1184 1791; x_wconf 91' lang='lat'>&#39;</span> 
     </span>
     <span class='ocr_line' id='line_1_18' title="bbox 239 1856 1065 1938; baseline 0.001 -19"><span class='ocrx_word' id='word_1_109' title='bbox 239 1856 334 1934; x_wconf 72' lang='lat' dir='ltr'><strong>Quum</strong></span> <span class='ocrx_word' id='word_1_110' title='bbox 358 1879 448 1938; x_wconf 85' lang='lat' dir='ltr'><strong>grave</strong></span> <span class='ocrx_word' id='word_1_111' title='bbox 471 1871 610 1921; x_wconf 91' lang='lat' dir='ltr'><strong>nocturna</strong></span> <span class='ocrx_word' id='word_1_112' title='bbox 633 1861 750 1921; x_wconf 88' lang='lat' dir='ltr'><strong>coelum</strong></span> <span class='ocrx_word' id='word_1_113' title='bbox 771 1861 933 1922; x_wconf 85' lang='lat' dir='ltr'><strong>subtexitur</strong></span> <span class='ocrx_word' id='word_1_114' title='bbox 954 1861 1065 1937; x_wconf 89' lang='lat' dir='ltr'><strong>umbra,</strong></span> 
     </span>
    </p>

    <p class='ocr_par' dir='ltr' id='par_1_11' title="bbox 238 1943 1042 2026">
     <span class='ocr_line' id='line_1_19' title="bbox 238 1943 1042 2026; baseline 0 -20"><span class='ocrx_word' id='word_1_115' title='bbox 238 1945 308 2023; x_wconf 89' lang='lat' dir='ltr'><strong>Ipse</strong></span> <span class='ocrx_word' id='word_1_116' title='bbox 328 1945 409 2006; x_wconf 88' lang='lat' dir='ltr'><strong>fodit.</strong></span> <span class='ocrx_word' id='word_1_117' title='bbox 433 1943 536 2006; x_wconf 85' lang='lat' dir='ltr'><strong>-Dites</strong></span> <span class='ocrx_word' id='word_1_118' title='bbox 560 1943 695 2026; x_wconf 85' lang='lat' dir='ltr'><strong>Capreae</strong></span> <span class='ocrx_word' id='word_1_119' title='bbox 714 1947 882 2025; x_wconf 87' lang='lat' dir='ltr'><strong>viridesque</strong></span> <span class='ocrx_word' id='word_1_120' title='bbox 900 1947 1042 2006; x_wconf 88' lang='lat' dir='ltr'><strong>resultant</strong></span> 
     </span>
    </p>
   </div>
   <div class='ocr_carea' id='block_1_3' title="bbox 77 2014 1348 2195">
    <p class='ocr_par' dir='ltr' id='par_1_12' title="bbox 77 2014 1348 2195">
     <span class='ocr_line' id='line_1_20' title="bbox 77 2014 1090 2109; baseline -0.005 -15"><span class='ocrx_word' id='word_1_121' title='bbox 77 2014 100 2064; x_wconf 40' lang='lat'><strong>¹·</strong></span> <span class='ocrx_word' id='word_1_122' title='bbox 153 2097 154 2100; x_wconf 8' lang='grc' dir='ltr'><strong>Ἴ</strong></span> <span class='ocrx_word' id='word_1_123' title='bbox 240 2029 438 2107; x_wconf 75' lang='lat' dir='ltr'><strong>Taurubulae,</strong></span> <span class='ocrx_word' id='word_1_124' title='bbox 462 2040 491 2090; x_wconf 90' lang='lat' dir='ltr'><strong>et</strong></span> <span class='ocrx_word' id='word_1_125' title='bbox 512 2032 599 2090; x_wconf 88' lang='lat' dir='ltr'><strong>terris</strong></span> <span class='ocrx_word' id='word_1_126' title='bbox 620 2033 723 2108; x_wconf 85' lang='lat' dir='ltr'><strong>ingens</strong></span> <span class='ocrx_word' id='word_1_127' title='bbox 743 2032 820 2092; x_wconf 88' lang='lat' dir='ltr'><strong>redit</strong></span> <span class='ocrx_word' id='word_1_128' title='bbox 840 2033 977 2109; x_wconf 87' lang='lat' dir='ltr'><strong>aequoris</strong></span> <span class='ocrx_word' id='word_1_129' title='bbox 1004 2032 1090 2092; x_wconf 84' lang='lat' dir='ltr'><strong>echo.</strong></span> 
     </span>
     <span class='ocr_line' id='line_1_21' title="bbox 302 2113 1348 2195; baseline -0.002 -18"><span class='ocrx_word' id='word_1_130' title='bbox 302 2113 369 2177; x_wconf 89' lang='lat' dir='ltr'><strong>Non</strong></span> <span class='ocrx_word' id='word_1_131' title='bbox 387 2125 444 2177; x_wconf 92' lang='lat' dir='ltr'><strong>tam</strong></span> <span class='ocrx_word' id='word_1_132' title='bbox 465 2117 576 2195; x_wconf 79' lang='lat' dir='ltr'><strong>grande</strong></span> <span class='ocrx_word' id='word_1_133' title='bbox 599 2126 682 2177; x_wconf 89' lang='lat' dir='ltr'><strong>sonat</strong></span> <span class='ocrx_word' id='word_1_134' title='bbox 701 2118 787 2177; x_wconf 87' lang='lat' dir='ltr'><strong>motis</strong></span> <span class='ocrx_word' id='word_1_135' title='bbox 806 2116 957 2192; x_wconf 82' lang='lat' dir='ltr'><strong>incudibus</strong></span> <span class='ocrx_word' id='word_1_136' title='bbox 976 2117 1082 2193; x_wconf 81' lang='lat' dir='ltr'><strong>Aetna,</strong></span> <span class='ocrx_word' id='word_1_137' title='bbox 1189 2125 1241 2179; x_wconf 75' lang='grc'><strong>110</strong></span> <span class='ocrx_word' id='word_1_138' title='bbox 1346 2131 1348 2175; x_wconf 59' lang='lat' dir='ltr'><strong>t</strong></span> 
     </span>
    </p>
   </div>
   <div class='ocr_carea' id='block_1_4' title="bbox 236 2200 1336 3209">
    <p class='ocr_par' dir='ltr' id='par_1_13' title="bbox 239 2200 1162 2430">
     <span class='ocr_line' id='line_1_22' title="bbox 242 2200 1162 2282; baseline 0 -21"><span class='ocrx_word' id='word_1_139' title='bbox 242 2202 339 2276; x_wconf 22' lang='lat' dir='ltr'><strong>Quum?</strong></span> <span class='ocrx_word' id='word_1_140' title='bbox 355 2201 478 2261; x_wconf 88' lang='lat' dir='ltr'><strong>Brontes</strong></span> <span class='ocrx_word' id='word_1_141' title='bbox 497 2200 698 2282; x_wconf 84' lang='lat' dir='ltr'><strong>Steropesque</strong></span> <span class='ocrx_word' id='word_1_142' title='bbox 720 2202 803 2277; x_wconf 88' lang='lat' dir='ltr'><strong>ferit,</strong></span> <span class='ocrx_word' id='word_1_143' title='bbox 822 2220 879 2261; x_wconf 92' lang='lat' dir='ltr'><strong>nec</strong></span> <span class='ocrx_word' id='word_1_144' title='bbox 899 2204 991 2261; x_wconf 90' lang='lat' dir='ltr'><strong>maior</strong></span> <span class='ocrx_word' id='word_1_145' title='bbox 1012 2202 1048 2261; x_wconf 89' lang='lat' dir='ltr'><strong>ab</strong></span> <span class='ocrx_word' id='word_1_146' title='bbox 1072 2202 1162 2262; x_wconf 88' lang='lat' dir='ltr'><strong>antris</strong></span> 
     </span>
     <span class='ocr_line' id='line_1_23' title="bbox 239 2286 1099 2363; baseline 0.002 -17"><span class='ocrx_word' id='word_1_147' title='bbox 239 2286 400 2347; x_wconf 87' lang='lat' dir='ltr'><strong>Lemniacis</strong></span> <span class='ocrx_word' id='word_1_148' title='bbox 425 2286 527 2363; x_wconf 86' lang='lat' dir='ltr'><strong>fragor</strong></span> <span class='ocrx_word' id='word_1_149' title='bbox 549 2296 609 2362; x_wconf 89' lang='lat' dir='ltr'><strong>est,</strong></span> <span class='ocrx_word' id='word_1_150' title='bbox 632 2286 682 2345; x_wconf 92' lang='lat' dir='ltr'><strong>ubi</strong></span> <span class='ocrx_word' id='word_1_151' title='bbox 704 2286 853 2345; x_wconf 86' lang='lat' dir='ltr'><strong>flammeus</strong></span> <span class='ocrx_word' id='word_1_152' title='bbox 874 2287 980 2363; x_wconf 89' lang='lat' dir='ltr'><strong>aegida</strong></span> <span class='ocrx_word' id='word_1_153' title='bbox 1003 2286 1099 2348; x_wconf 81' lang='lat' dir='ltr'><strong>caelat</strong></span> 
     </span>
     <span class='ocr_line' id='line_1_24' title="bbox 241 2370 947 2430; baseline -0.001 0"><span class='ocrx_word' id='word_1_154' title='bbox 241 2370 386 2430; x_wconf 79' lang='lat' dir='ltr'><strong>Mulciber</strong></span> <span class='ocrx_word' id='word_1_155' title='bbox 408 2380 437 2430; x_wconf 87' lang='lat' dir='ltr'><strong>et</strong></span> <span class='ocrx_word' id='word_1_156' title='bbox 459 2372 547 2430; x_wconf 90' lang='lat' dir='ltr'><strong>castis</strong></span> <span class='ocrx_word' id='word_1_157' title='bbox 569 2380 690 2430; x_wconf 88' lang='lat' dir='ltr'><strong>exornat</strong></span> <span class='ocrx_word' id='word_1_158' title='bbox 711 2370 831 2430; x_wconf 87' lang='lat' dir='ltr'><strong>Pallada</strong></span> <span class='ocrx_word' id='word_1_159' title='bbox 854 2370 947 2429; x_wconf 92' lang='lat' dir='ltr'><strong>donis.</strong></span> 
     </span>
    </p>

    <p class='ocr_par' dir='ltr' id='par_1_14' title="bbox 240 2454 1336 2874">
     <span class='ocr_line' id='line_1_25' title="bbox 305 2454 1098 2534; baseline 0.003 -21"><span class='ocrx_word' id='word_1_160' title='bbox 305 2454 487 2515; x_wconf 88' lang='lat' dir='ltr'><strong>Decres&#39;cunt</strong></span> <span class='ocrx_word' id='word_1_161' title='bbox 510 2454 639 2534; x_wconf 86' lang='lat' dir='ltr'><strong>scopuli,</strong></span> <span class='ocrx_word' id='word_1_162' title='bbox 661 2463 690 2513; x_wconf 91' lang='lat' dir='ltr'><strong>et</strong></span> <span class='ocrx_word' id='word_1_163' title='bbox 711 2472 799 2514; x_wconf 84' lang='lat' dir='ltr'><strong>rosea</strong></span> <span class='ocrx_word' id='word_1_164' title='bbox 821 2454 874 2514; x_wconf 91' lang='lat' dir='ltr'><strong>snb</strong></span> <span class='ocrx_word' id='word_1_165' title='bbox 893 2454 961 2515; x_wconf 91' lang='lat' dir='ltr'><strong>luce</strong></span> <span class='ocrx_word' id='word_1_166' title='bbox 983 2457 1098 2516; x_wconf 77' lang='lat' dir='ltr'><strong>reversi</strong></span> 
     </span>
     <span class='ocr_line' id='line_1_26' title="bbox 241 2538 1240 2618; baseline 0.003 -18"><span class='ocrx_word' id='word_1_167' title='bbox 241 2540 379 2600; x_wconf 78' lang='lat' dir='ltr'><strong>Artifices</strong></span> <span class='ocrx_word' id='word_1_168' title='bbox 398 2542 534 2599; x_wconf 85' lang='lat' dir='ltr'><strong>mirantur</strong></span> <span class='ocrx_word' id='word_1_169' title='bbox 556 2556 639 2618; x_wconf 89' lang='lat' dir='ltr'><strong>opus.</strong></span> <span class='ocrx_word' id='word_1_170' title='bbox 679 2538 738 2599; x_wconf 87' lang='lat' dir='ltr'><strong>Vix</strong></span> <span class='ocrx_word' id='word_1_171' title='bbox 760 2558 850 2599; x_wconf 87' lang='lat' dir='ltr'><strong>annus</strong></span> <span class='ocrx_word' id='word_1_172' title='bbox 872 2540 988 2601; x_wconf 88' lang='lat' dir='ltr'><strong>anhelat</strong></span> <span class='ocrx_word' id='word_1_173' title='bbox 1190 2549 1240 2603; x_wconf 76' lang='lat'><strong>135</strong></span> 
     </span>
     <span class='ocr_line' id='line_1_27' title="bbox 241 2621 1336 2701; baseline 0.001 -17"><span class='ocrx_word' id='word_1_174' title='bbox 241 2625 342 2701; x_wconf 89' lang='lat' dir='ltr'><strong>Alter,</strong></span> <span class='ocrx_word' id='word_1_175' title='bbox 364 2632 393 2684; x_wconf 90' lang='lat' dir='ltr'><strong>et</strong></span> <span class='ocrx_word' id='word_1_176' title='bbox 412 2625 520 2701; x_wconf 84' lang='lat' dir='ltr'><strong>ingenti</strong></span> <span class='ocrx_word' id='word_1_177' title='bbox 543 2624 626 2685; x_wconf 84' lang='lat' dir='ltr'><strong>dives</strong></span> <span class='ocrx_word' id='word_1_178' title='bbox 647 2621 813 2699; x_wconf 71' lang='lat' dir='ltr'><strong>Tirynthius</strong></span> <span class='ocrx_word' id='word_1_179' title='bbox 835 2643 904 2685; x_wconf 87' lang='lat' dir='ltr'><strong>arce</strong></span> <span class='ocrx_word' id='word_1_180' title='bbox 1333 2632 1336 2635; x_wconf 70' lang='grc'><em>”</em></span> 
     </span>
     <span class='ocr_line' id='line_1_28' title="bbox 240 2709 979 2787; baseline 0.001 -18"><span class='ocrx_word' id='word_1_181' title='bbox 240 2709 402 2787; x_wconf 88' lang='lat' dir='ltr'><strong>Despectat</strong></span> <span class='ocrx_word' id='word_1_182' title='bbox 423 2709 525 2769; x_wconf 87' lang='lat' dir='ltr'><strong>ductus</strong></span> <span class='ocrx_word' id='word_1_183' title='bbox 548 2719 577 2769; x_wconf 98' lang='grc'><strong>11</strong></span> <span class='ocrx_word' id='word_1_184' title='bbox 598 2711 711 2769; x_wconf 89' lang='lat' dir='ltr'><strong>iunctae</strong></span> <span class='ocrx_word' id='word_1_185' title='bbox 733 2718 813 2769; x_wconf 91' lang='lat' dir='ltr'><strong>tecta</strong></span> <span class='ocrx_word' id='word_1_186' title='bbox 830 2726 979 2770; x_wconf 82' lang='lat' dir='ltr'><strong>novercae</strong></span> 
     </span>
     <span class='ocr_line' id='line_1_29' title="bbox 240 2793 953 2874; baseline 0 -20"><span class='ocrx_word' id='word_1_187' title='bbox 240 2793 386 2855; x_wconf 85' lang='lat' dir='ltr'><strong>Provocat</strong></span> <span class='ocrx_word' id='word_1_188' title='bbox 405 2804 434 2853; x_wconf 94' lang='lat' dir='ltr'><strong>et</strong></span> <span class='ocrx_word' id='word_1_189' title='bbox 452 2793 546 2872; x_wconf 86' lang='lat' dir='ltr'><strong>dignis</strong></span> <span class='ocrx_word' id='word_1_190' title='bbox 566 2794 665 2855; x_wconf 88' lang='lat' dir='ltr'><strong>invitat</strong></span> <span class='ocrx_word' id='word_1_191' title='bbox 686 2793 805 2856; x_wconf 91' lang='lat' dir='ltr'><strong>Pallada</strong></span> <span class='ocrx_word' id='word_1_192' title='bbox 826 2795 953 2874; x_wconf 88' lang='lat' dir='ltr'><strong>templis.</strong></span> 
     </span>
    </p>

    <p class='ocr_par' dir='ltr' id='par_1_15' title="bbox 236 2876 1240 3209">
     <span class='ocr_line' id='line_1_30' title="bbox 305 2876 1184 2957; baseline 0 -20"><span class='ocrx_word' id='word_1_193' title='bbox 305 2876 364 2939; x_wconf 90' lang='lat' dir='ltr'><strong>lam</strong></span> <span class='ocrx_word' id='word_1_194' title='bbox 383 2878 518 2957; x_wconf 87' lang='lat' dir='ltr'><strong>placidae</strong></span> <span class='ocrx_word' id='word_1_195' title='bbox 539 2879 606 2939; x_wconf 92' lang='lat' dir='ltr'><strong>dant</strong></span> <span class='ocrx_word' id='word_1_196' title='bbox 628 2881 710 2957; x_wconf 86' lang='lat' dir='ltr'><strong>signa</strong></span> <span class='ocrx_word' id='word_1_197' title='bbox 732 2879 837 2956; x_wconf 88' lang='lat' dir='ltr'><strong>tubae,</strong></span> <span class='ocrx_word' id='word_1_198' title='bbox 856 2882 913 2939; x_wconf 92' lang='lat' dir='ltr'><strong>iam</strong></span> <span class='ocrx_word' id='word_1_199' title='bbox 934 2876 1058 2939; x_wconf 86' lang='lat' dir='ltr'><strong>fortibus</strong></span> <span class='ocrx_word' id='word_1_200' title='bbox 1078 2878 1184 2941; x_wconf 90' lang='lat' dir='ltr'><strong>ardens</strong></span> 
     </span>
     <span class='ocr_line' id='line_1_31' title="bbox 242 2962 1240 3027; baseline 0.001 -3"><span class='ocrx_word' id='word_1_201' title='bbox 242 2962 342 3024; x_wconf 84' lang='lat' dir='ltr'><strong>Fumat</strong></span> <span class='ocrx_word' id='word_1_202' title='bbox 361 2980 449 3023; x_wconf 88' lang='lat' dir='ltr'><strong>arena</strong></span> <span class='ocrx_word' id='word_1_203' title='bbox 473 2964 576 3023; x_wconf 89' lang='lat' dir='ltr'><strong>sacris.</strong></span> <span class='ocrx_word' id='word_1_204' title='bbox 620 2964 681 3023; x_wconf 92' lang='lat' dir='ltr'><strong>llos</strong></span> <span class='ocrx_word' id='word_1_205' title='bbox 703 2982 759 3024; x_wconf 90' lang='lat' dir='ltr'><strong>nec</strong></span> <span class='ocrx_word' id='word_1_206' title='bbox 780 2963 901 3025; x_wconf 85' lang='lat' dir='ltr'><strong>Pisaeus</strong></span> <span class='ocrx_word' id='word_1_207' title='bbox 917 2964 1047 3024; x_wconf 84' lang='lat' dir='ltr'><strong>honores</strong></span> <span class='ocrx_word' id='word_1_208' title='bbox 1188 2970 1240 3027; x_wconf 80' lang='lat'><strong>140</strong></span> 
     </span>
     <span class='ocr_line' id='line_1_32' title="bbox 242 3045 1041 3130; baseline -0.003 -22"><span class='ocrx_word' id='word_1_209' title='bbox 242 3048 374 3130; x_wconf 89' lang='lat' dir='ltr'><strong>luppiter</strong></span> <span class='ocrx_word' id='word_1_210' title='bbox 395 3057 443 3107; x_wconf 93' lang='lat' dir='ltr'><strong>aut</strong></span> <span class='ocrx_word' id='word_1_211' title='bbox 465 3045 594 3123; x_wconf 74' lang='lat' dir='ltr'><strong>Cyrrhae</strong></span> <span class='ocrx_word' id='word_1_212' title='bbox 615 3049 699 3129; x_wconf 89' lang='lat' dir='ltr'><strong>pater</strong></span> <span class='ocrx_word' id='word_1_213' title='bbox 722 3059 894 3127; x_wconf 86' lang='lat' dir='ltr'><strong>aspernetur</strong></span> <span class='ocrx_word' id='word_1_214' title='bbox 918 3066 1041 3129; x_wconf 88' lang='lat' dir='ltr'><strong>opacae.</strong></span> 
     </span>
     <span class='ocr_line' id='line_1_33' title="bbox 236 3132 1044 3209; baseline 0.001 -17"><span class='ocrx_word' id='word_1_215' title='bbox 236 3132 290 3192; x_wconf 81' lang='lat' dir='ltr'><strong>otti</strong></span> <span class='ocrx_word' id='word_1_216' title='bbox 315 3132 359 3191; x_wconf 89' lang='lat' dir='ltr'><strong>his</strong></span> <span class='ocrx_word' id='word_1_217' title='bbox 378 3134 461 3193; x_wconf 90' lang='lat' dir='ltr'><strong>triste</strong></span> <span class='ocrx_word' id='word_1_218' title='bbox 483 3132 574 3203; x_wconf 86' lang='lat' dir='ltr'><strong>loeis;</strong></span> <span class='ocrx_word' id='word_1_219' title='bbox 594 3134 679 3194; x_wconf 88' lang='lat' dir='ltr'><strong>cedat</strong></span> <span class='ocrx_word' id='word_1_220' title='bbox 700 3134 888 3194; x_wconf 91' lang='lat' dir='ltr'><strong>lacrimabilis</strong></span> <span class='ocrx_word' id='word_1_221' title='bbox 908 3132 1044 3209; x_wconf 88' lang='lat' dir='ltr'><strong>isthmos,</strong></span> 
     </span>
    </p>
   </div>
   <div class='ocr_carea' id='block_1_5' title="bbox 136 3216 998 3294">
    <p class='ocr_par' dir='ltr' id='par_1_16' title="bbox 136 3216 998 3294">
     <span class='ocr_line' id='line_1_34' title="bbox 136 3216 998 3294; baseline -0.002 -17"><span class='ocrx_word' id='word_1_222' title='bbox 136 3244 138 3251; x_wconf 94' lang='lat'>·</span> <span class='ocrx_word' id='word_1_223' title='bbox 244 3216 336 3277; x_wconf 79' lang='lat' dir='ltr'><strong>(ledat</strong></span> <span class='ocrx_word' id='word_1_224' title='bbox 358 3226 441 3277; x_wconf 88' lang='lat' dir='ltr'><strong>atrox</strong></span> <span class='ocrx_word' id='word_1_225' title='bbox 462 3216 590 3294; x_wconf 88' lang='lat' dir='ltr'><strong>Nemeo,</strong></span> <span class='ocrx_word' id='word_1_226' title='bbox 612 3219 674 3279; x_wconf 91' lang='lat' dir='ltr'><strong>litat</strong></span> <span class='ocrx_word' id='word_1_227' title='bbox 694 3218 742 3278; x_wconf 92' lang='lat' dir='ltr'><strong>hie</strong></span> <span class='ocrx_word' id='word_1_228' title='bbox 762 3218 878 3279; x_wconf 89' lang='lat' dir='ltr'><strong>felicior</strong></span> <span class='ocrx_word' id='word_1_229' title='bbox 897 3218 998 3279; x_wconf 88' lang='lat' dir='ltr'><strong>infans.</strong></span> 
     </span>
    </p>
   </div>
   <div class='ocr_carea' id='block_1_6' title="bbox 243 3301 895 3380">
    <p class='ocr_par' dir='ltr' id='par_1_17' title="bbox 243 3301 895 3380">
     <span class='ocr_line' id='line_1_35' title="bbox 243 3301 895 3380; baseline -0.002 -18"><span class='ocrx_word' id='word_1_230' title='bbox 243 3302 331 3379; x_wconf 90' lang='lat' dir='ltr'><strong>Ipsae</strong></span> <span class='ocrx_word' id='word_1_231' title='bbox 352 3303 493 3380; x_wconf 90' lang='lat' dir='ltr'><strong>pumiceis</strong></span> <span class='ocrx_word' id='word_1_232' title='bbox 514 3303 621 3363; x_wconf 85' lang='lat' dir='ltr'><strong>virides</strong></span> <span class='ocrx_word' id='word_1_233' title='bbox 639 3301 785 3363; x_wconf 86' lang='lat' dir='ltr'><strong>Nereides</strong></span> <span class='ocrx_word' id='word_1_234' title='bbox 807 3304 895 3364; x_wconf 88' lang='lat' dir='ltr'><strong>antris</strong></span> 
     </span>
    </p>
   </div>
   <div class='ocr_carea' id='block_1_7' title="bbox 243 3382 1345 3471">
    <p class='ocr_par' dir='ltr' id='par_1_18' title="bbox 243 3382 1345 3471">
     <span class='ocr_line' id='line_1_36' title="bbox 243 3382 1345 3471; baseline -0.001 -24"><span class='ocrx_word' id='word_1_235' title='bbox 243 3386 371 3447; x_wconf 88' lang='lat' dir='ltr'><strong>Exiliunt</strong></span> <span class='ocrx_word' id='word_1_236' title='bbox 391 3386 479 3463; x_wconf 88' lang='lat' dir='ltr'><strong>ultro,</strong></span> <span class='ocrx_word' id='word_1_237' title='bbox 502 3397 532 3447; x_wconf 90' lang='lat' dir='ltr'><strong>et</strong></span> <span class='ocrx_word' id='word_1_238' title='bbox 553 3387 685 3467; x_wconf 90' lang='lat' dir='ltr'><strong>scopulis</strong></span> <span class='ocrx_word' id='word_1_239' title='bbox 706 3382 890 3448; x_wconf 89' lang='lat' dir='ltr'><strong>humentibus</strong></span> <span class='ocrx_word' id='word_1_240' title='bbox 910 3388 1047 3454; x_wconf 88' lang='lat' dir='ltr'><strong>haerent;</strong></span> <span class='ocrx_word' id='word_1_241' title='bbox 1191 3398 1242 3453; x_wconf 76' lang='lat'><strong>145</strong></span> <span class='ocrx_word' id='word_1_242' title='bbox 1342 3465 1345 3471; x_wconf 23' lang='grc' dir='ltr'><strong><em>Ι</em></strong></span> 
     </span>
    </p>
   </div>
   <div class='ocr_carea' id='block_1_8' title="bbox 243 3471 1103 3735">
    <p class='ocr_par' dir='ltr' id='par_1_19' title="bbox 243 3471 1103 3735">
     <span class='ocr_line' id='line_1_37' title="bbox 244 3471 1021 3551; baseline -0.003 -20"><span class='ocrx_word' id='word_1_243' title='bbox 244 3471 308 3531; x_wconf 85' lang='grc' dir='ltr'><strong>Ν11</strong></span> <span class='ocrx_word' id='word_1_244' title='bbox 328 3471 417 3551; x_wconf 85' lang='lat' dir='ltr'><strong>pudet</strong></span> <span class='ocrx_word' id='word_1_245' title='bbox 439 3474 555 3533; x_wconf 89' lang='lat' dir='ltr'><strong>occulte</strong></span> <span class='ocrx_word' id='word_1_246' title='bbox 576 3472 666 3532; x_wconf 91' lang='lat' dir='ltr'><strong>nudas</strong></span> <span class='ocrx_word' id='word_1_247' title='bbox 690 3483 826 3551; x_wconf 87' lang='lat' dir='ltr'><strong>spectare</strong></span> <span class='ocrx_word' id='word_1_248' title='bbox 849 3473 1021 3551; x_wconf 90' lang='lat' dir='ltr'><strong>palaestras.</strong></span> 
     </span>
     <span class='ocr_line' id='line_1_38' title="bbox 244 3555 996 3637; baseline -0.003 -20"><span class='ocrx_word' id='word_1_249' title='bbox 244 3555 366 3635; x_wconf 85' lang='lat' dir='ltr'><strong>Spectat</strong></span> <span class='ocrx_word' id='word_1_250' title='bbox 389 3566 418 3617; x_wconf 88' lang='lat' dir='ltr'><strong>et</strong></span> <span class='ocrx_word' id='word_1_251' title='bbox 436 3556 530 3618; x_wconf 84' lang='lat' dir='ltr'><strong>locrio</strong></span> <span class='ocrx_word' id='word_1_252' title='bbox 552 3572 724 3619; x_wconf 88' lang='lat' dir='ltr'><strong>nemorosus</strong></span> <span class='ocrx_word' id='word_1_253' title='bbox 743 3557 860 3637; x_wconf 86' lang='lat' dir='ltr'><strong>palmite</strong></span> <span class='ocrx_word' id='word_1_254' title='bbox 883 3556 996 3617; x_wconf 84' lang='lat' dir='ltr'><strong>Gaurus</strong></span> 
     </span>
     <span class='ocr_line' id='line_1_39' title="bbox 243 3641 1103 3735; baseline -0.001 -33"><span class='ocrx_word' id='word_1_255' title='bbox 243 3643 399 3735; x_wconf 84' lang='lat' dir='ltr'><strong>Silvaque,</strong></span> <span class='ocrx_word' id='word_1_256' title='bbox 420 3659 494 3723; x_wconf 88' lang='lat' dir='ltr'><strong>quae</strong></span> <span class='ocrx_word' id='word_1_257' title='bbox 515 3644 599 3707; x_wconf 84' lang='lat' dir='ltr'><strong>lixam</strong></span> <span class='ocrx_word' id='word_1_258' title='bbox 616 3642 725 3725; x_wconf 86' lang='lat' dir='ltr'><strong>pelago</strong></span> <span class='ocrx_word' id='word_1_259' title='bbox 747 3641 856 3705; x_wconf 85' lang='lat' dir='ltr'><strong>Nesida</strong></span> <span class='ocrx_word' id='word_1_260' title='bbox 874 3652 1005 3721; x_wconf 78' lang='lat' dir='ltr'><strong>emanat,</strong></span> <span class='ocrx_word' id='word_1_261' title='bbox 1078 3710 1081 3716; x_wconf 49' lang='grc'><em>,</em></span> <span class='ocrx_word' id='word_1_262' title='bbox 1102 3673 1103 3682; x_wconf 47' lang='lat'>1</span> 
     </span>
    </p>
   </div>
   <div class='ocr_carea' id='block_1_9' title="bbox 0 0 1433 4300">
    <p class='ocr_par' dir='ltr' id='par_1_20' title="bbox 0 0 1433 4300">
     <span class='ocr_line' id='line_1_40' title="bbox 0 0 1433 4300; baseline 0 0"><span class='ocrx_word' id='word_1_263' title='bbox 0 0 1433 4300; x_wconf 95' lang='lat' dir='ltr'><strong> </strong></span> 
     </span>
    </p>
   </div>
  </div>
 </body>
</html>
