2842 4300
257 374 298 435 94
592 386 624 433 P.
644 384 779 455 rernm
799 384 916 434 suurn

257 544 411 604 Tartareas
433 542 508 602 inter
528 540 660 603 thelensis
679 540 821 601 solium
843 558 965 602 sorores

255 628 430 706 Vulgarent;
453 635 543 706 utque
562 626 700 705 inplicitis
718 642 823 687 arcana
844 627 993 686 domorum

256 712 407 791 Anguibus
430 721 460 772 et
478 726 567 771 saeua
589 711 743 771 formidine
765 720 869 771 cuncte
889 712 1018 790 replevit

256 797 381 874 limina,
404 814 461 857 nec
481 794 529 857 lidi
550 794 689 875 populum
710 795 846 857 miserata
865 796 969 872 meriti,

256 883 388 943 Protinus
410 899 427 942 a
448 878 556 940 Lemno
577 882 671 943 teneri
690 878 822 959 fugistis,
844 880 984 948 Amores:
1222 890 1259 945 to

255 967 351 1028 lictus
371 966 483 1043 llymen
501 982 666 1047 versaeque
686 964 786 1041 laces,
809 974 840 1025 et
859 965 965 1043 iriglda
985 964 1052 1025 iusti

256 1050 332 1113 Cura
353 1053 427 1119 tori:
451 1050 551 1111 nullae
567 1050 691 1111 redeunt
713 1050 741 1109 in
761 1048 867 1126 murila
887 1058 1002 1126 noctes,

217 1184 220 1191 r
254 1134 358 1197 Nullus
377 1137 407 1196 in
428 1134 564 1215 amplexu
583 1152 674 1215 sopor
695 1142 758 1209 cst,
780 1134 846 1195 odie
864 1150 971 1214 aspera
992 1134 1110 1215 ubique,
1202 1159 1208 1167 ·

254 1220 292 1282 Et
313 1219 407 1281 Furor
429 1229 459 1281 et
478 1218 574 1280 medio
595 1218 718 1280 recubat
738 1217 894 1280 Discordia
914 1219 1004 1281 lecto.
1111 1256 1114 1263 -

256 1304 332 1368 Cura
353 1306 424 1366 uiris
445 1304 570 1365 tumidos
589 1306 714 1365 adversa
734 1302 866 1368 'lbracas
885 1304 914 1363 in
935 1319 989 1364 ora
1221 1309 1258 1367 ts

255 1390 368 1453 Eruere
389 1400 418 1451 et
439 1406 555 1450 saeuam
575 1388 711 1449 bellando
731 1388 872 1466 frangere
889 1398 1017 1467 gentem.
1330 1427 1331 1482 p

209 1496 216 1511 ·
320 1475 471 1554 Quumque
492 1474 595 1536 domas
616 1483 718 1537 contra
735 1482 905 1553 stantesque
929 1474 958 1535 in
979 1473 1066 1535 litore
1085 1474 1156 1549 nuti,

255 1560 377 1622 Duldus
396 1558 514 1620 Edonas
536 1557 648 1619 hiemes
669 1558 839 1641 Arctonque
860 1558 1032 1619 frementem

255 1644 418 1724 Excipere,
442 1652 490 1703 ant
510 1643 624 1705 tandem
645 1644 733 1703 tacita
751 1652 821 1722 post
841 1643 957 1723 proelia
976 1650 1066 1703 nocte

255 1728 424 1790 Fractorum
441 1726 551 1787 subitas
570 1737 730 1788 torrentum
750 1727 851 1787 audire
869 1729 977 1788 ruinas
1219 1735 1259 1791 80

255 1813 326 1873 illue
348 1804 579 1889 autem'tristes,
598 1828 663 1873 nam
681 1830 729 1873 me
748 1820 817 1873 tnnc
837 1812 931 1873 libera
951 1814 1029 1873 curis

255 1898 413 1975 Virginitas
435 1897 560 1976 annique
579 1906 695 1975 tegant,
718 1896 772 1956 sub
789 1907 878 1958 nocte
897 1897 1005 1976 dieque
1331 1849 1334 2058 1

218 2046 224 2061 ‚
255 1982 389 2043 Assidnis
410 1999 519 2059 aegrae
537 1984 566 2041 in
589 1983 732 2057 lacrimis,
754 1980 878 2043 solantia
900 1982 1025 2041 miscent

256 2064 427 2147 Colloqnia‚
446 2074 495 2127 aut
515 2080 633 2127 saevum
649 2075 784 2146 spectant
800 2077 879 2127 muns
896 2082 1026 2146 aequora
1045 2062 1191 2127 Thracen.

315 2153 367 2213 Sol
391 2169 511 2232 operum
534 2153 647 2213 medius
668 2169 778 2212 summo
798 2152 924 2213 librabat
942 2148 1069 2230 Olympo
1131 2199 1173 2236 m
1221 2163 1259 2219 85

253 2238 415 2312 Laurentes,
436 2253 491 2296 ceu
512 2246 620 2313 staret,
643 2253 753 2315 equos;
775 2247 880 2316 qnater
899 2252 955 2297 axe
975 2251 1084 2301 screno
1333 2206 1334 2293 l

253 2321 396 2396 Intonuit,
418 2329 521 2398 quater
542 2331 622 2382 antra
643 2321 691 2381 dei
711 2321 846 2382 luctantis
867 2322 991 2387 anbelos
1028 2321 1032 2328 '

253 2405 406 2466 Exeruere
426 2405 543 2484 apices,
566 2406 721 2484 ventisque
742 2405 913 2467 absentibus
934 2407 1041 2483 Aegon
1125 2430 1129 2438 ¹

253 2489 368 2566 illotus,
391 2497 421 2549 et
440 2489 561 2566 ingenti⁴
573 2490 720 2568 percussit
738 2489 825 2552 litora
845 2502 954 2572 ponto:

255 2574 348 2648 Quum
369 2572 465 2633 subito
487 2572 649 2634 horrendus
670 2575 737 2634 aevi
757 2586 866 2636 matura
885 2577 999 2652 Polyxo
1220 2585 1257 2639 90

199 2729 202 2738 ,
255 2658 379 2719 Tollitur
399 2659 428 2718 in
449 2657 539 2719 iurias
557 2658 750 2737 thalamisque
770 2660 884 2718 insueta
905 2658 1017 2718 relictis

254 2741 370 2804 Evolat.
415 2741 524 2805 insano
541 2744 632 2802 ueluti
654 2741 828 2803 Thermasia
848 2742 945 2820 Thyes

232 2853 234 2858 ·
253 2827 347 2908 Rapta
368 2827 441 2905 deo,
465 2835 551 2907 quum
570 2845 653 2887 sacra
674 2836 782 2887 vocant
798 2826 945 2908 ldaeaque
962 2826 1065 2887 suadet

90 2879 91 2894 ³
170 2939 172 2944 ·
253 2913 351 2973 Ruxns
371 2921 401 2972 et
421 2931 438 2972 a
461 2913 578 2972 sunonis
596 2911 710 2972 auditus
733 2912 878 2972 montibus
898 2912 994 2973 Euan:

254 2999 304 3058 Sic
326 3005 426 3056 erecta
446 3011 539 3074 genas
560 2997 711 3075 aciemque
729 2996 822 3057 eilnsa
844 2999 979 3058 trementi
1218 3009 1254 3062 95

254 3081 400 3158 Sanguine
422 3080 568 3161 desertam
587 3079 892 3142 rabidisclamoribus
908 3082 1011 3142 urbem

253 3165 408 3243 Exagitet,
430 3164 606 3244 clausasque
625 3165 730 3226 domos
750 3175 781 3225 et
802 3165 898 3228 limina
916 3167 1036 3246 pulsans

255 3249 416 3310 Concilium
437 3259 533 3311 vocat.
576 3249 683 3312 lnielix
702 3252 854 3312 comitatus
874 3253 953 3312 eunti

252 3333 418 3394 Haerebant
439 3336 515 3412 nati,
538 3344 625 3414 atque
645 3335 715 3396 illae
734 3351 793 3400 con
816 3339 935 3415 segnius
957 3350 1059 3396 omnes

252 3418 413 3498 Erumpunt
433 3421 534 3496 tectis,
557 3435 741 3500 summasque
761 3422 797 3482 ad
816 3421 952 3483 Pallados
968 3438 1055 3482 arces
1113 3439 1117 3446 ·
1204 3437 1257 3491 100

252 3503 397 3583 lmpetus;
420 3503 477 3564 buc
498 3519 627 3584 propere
648 3507 788 3584 stipamur
808 3516 838 3565 et
859 3507 962 3568 ordine
982 3504 1063 3566 nolli

253 3587 440 3667 congestae,
462 3589 563 3648 stricto
582 3605 651 3650 mox
671 3605 742 3654 ense
763 3589 877 3651 silentia
897 3592 982 3652 iussit

252 3672 401 3736 ilortatrix
422 3672 583 3752 scelernm,
606 3683 636 3740 ct
656 3675 760 3746 madio,
773 3676 817 3736 sic
836 3693 905 3738 unsa
925 3675 1036 3757 profari
1056 3687 1117 3737 est:
