2842 4300
502 792 547 874 P.
577 790 789 875 PAPINII
818 788 996 874 STATII

339 953 1175 1065 THEBAIDOS

599 1144 914 1221 nrssnnv.

655 1342 853 1358 —--·-e—--

210 1486 216 1499 ·
325 1416 430 1533 Pulsa
450 1471 512 1532 sitis
531 1470 638 1548 fluvio,
660 1472 860 1552 populataque
881 1469 1004 1551 gurgitis
1023 1467 1139 1529 alveum
1328 1457 1330 1538 l

257 1553 381 1633 Agmina
401 1555 569 1635 linquebant
587 1558 666 1635 ripas
686 1574 857 1636 amnemque
876 1556 1033 1626 minorem

259 1638 366 1701 Aerior
386 1649 415 1700 et
438 1658 570 1719 eampum
589 1642 709 1721 sonipes
729 1642 821 1720 rupit,
842 1650 873 1702 et
893 1639 987 1720 pedes
1009 1652 1079 1698 arva

258 1721 354 1802 luplet
372 1740 478 1810 ovans,
496 1724 613 1785 rediere
633 1726 704 1785 viris
725 1727 868 1805 animique
888 1726 1044 1801 ruinaeque

258 1806 410 1887 Votaque,
431 1810 598 1886 sanguineis
608 1810 732 1871 'mixtum
754 1828 810 1871 eeu
826 1809 955 1871 ionibus
972 1809 1070 1885 iguem
1241 1816 1263 1866 5
1329 1865 1330 1900 p

258 1890 428 1955 Hausissent
450 1892 521 1955 belli
542 1910 720 1974 magnasque
737 1896 767 1955 iu
786 1894 900 1974 proelia
920 1901 1043 1953 ruentes.

322 1976 464 2058 Dispositi
484 1979 513 2039 in
535 1988 643 2039 turmas
662 1997 763 2040 rursus
784 1978 939 2058 legemque
960 1976 1060 2037 severi
1145 1995 1150 2006 ·

259 2058 391 2141 Ordinis,
406 2071 437 2124 ιιι
452 2064 556 2144 ouique
571 2072 637 2124 ante
653 2064 738 2125 loous
752 2064 931 2143 danturque,
946 2068 1101 2123 monentur

259 2143 424 2209 Instaurare
444 2149 517 2212 vias.
562 2147 661 2210 'lellus
683 2150 740 2210 iarn
761 2148 884 2229 pulvere
903 2148 997 2228 primo

261 2228 393 2308 Crescit,
414 2241 443 2293 et
464 2249 607 2294 armorum
628 2235 820 2294 transmittunt
840 2233 956 2311 fulgura
978 2231 1081 2292 silvae.
1228 2239 1266 2291 ιο

260 2313 364 2388 Qualia
378 2325 456 2377 trans
478 2315 599 2377 Pontum
620 2317 730 2378 Phariis
751 2319 874 2379 (leiensu
894 2317 1008 2378 suueuia

260 2397 358 2460 Rauca
378 2398 551 2461 Paraetonio
572 2401 718 2462 deoedunt
738 2403 850 2480 agmina
872 2401 951 2478 Nilo,

260 2483 353 2558 Quum
375 2484 439 2546 iera
460 2486 542 2564 ponit
561 2484 668 2546 hiems:
696 2486 766 2547 illae
788 2487 930 2565 olaugore
946 2485 1053 2564 laquei,
1072 2490 1077 2497 '

258 2565 366 2629 Umbra
387 2568 470 2630 iretis
492 2570 628 2649 arvisque
649 2571 765 2647 volant,
786 2581 870 2632 sonat
888 2572 970 2630 avius
990 2569 1104 2629 aether.

260 2649 318 2711 lanr
338 2651 451 2715 Borean
472 2654 638 2734 imbresque
658 2656 735 2735 pati,
759 2656 816 2714 iasa
837 2671 907 2714 nare
928 2653 1032 2714 solutis
1230 2662 1261 2713 15

259 2735 399 2798 Auruibus
418 2748 448 2800 et
468 2739 545 2800 nudo
566 2741 644 2800 iuvet
664 2739 809 2800 aestivare
832 2738 886 2798 sub
906 2737 1027 2799 llaeruo.

323 2820 376 2883 llio
396 2841 496 2884 rursus
517 2823 603 2883 simili
624 2840 781 2903 procerum
796 2822 925 2884 vallante
948 2839 1057 2884 corona

188 2937 192 2944 ·
259 2905 326 2967 Dux
347 2907 546 2984 Talaionides,
566 2909 682 2987 antiqua
702 2916 734 2968 ut
753 2908 831 2969 lorte
852 2908 905 2968 sub
927 2923 1000 2968 orno

261 2990 378 3068 Stabat,
402 3000 432 3052 et
453 2990 559 3051 admoti
580 2992 664 3052 nixus
686 2991 833 3068 Polynieis
852 2994 882 3053 in
903 2992 1029 3053 lrastam:

322 3075 373 3134 ‘At
387 3084 500 3150 tamen,
521 3091 539 3135 ο
557 3092 758 3155 quaeournque
772 3095 825 3156 es,
847 3077 902 3154 uit,
923 3078 969 3138 oui
982 3075 1171 3156 gloriatauta
1223 3087 1261 3142 to

260 3158 399 3219 Venimus
421 3161 586 3221 innumerae
607 3161 694 3221 latum
716 3161 827 3223 debere
850 3162 1000 3234 cohortes,

261 3241 354 3316 Quem
375 3261 432 3304 non
451 3245 516 3324 ipse
538 3245 623 3306 deum
644 3255 726 3306 sator
745 3255 919 3326 aspernetur
938 3247 1091 3321 honorem,
1122 3280 1126 3286 -

261 3325 317 3387 llio
338 3345 410 3406 age,
430 3328 544 3410 quaudo
563 3330 618 3390 tuis
641 3330 756 3391 alaores
777 3331 942 3392 adsistimus
960 3329 1056 3406 undis,

262 3409 345 3485 Quae
363 3413 464 3474 domus
481 3423 529 3474 aut
542 3415 646 3491 tellus,
665 3415 786 3476 animam
805 3415 910 3494 quillus
923 3415 1056 3476 hauseris
1070 3411 1182 3476 astris?

261 3494 334 3573 Dio,
357 3498 422 3576 quis
438 3507 467 3558 et
482 3498 532 3558 ille
548 3497 653 3577 puter?
674 3517 771 3578 neque
786 3501 862 3560 eninr
877 3499 932 3560 tilti
945 3501 1057 3561 numina
1074 3499 1179 3576 longe5
1224 3507 1259 3562 25

262 3579 420 3643 Transierit
441 3581 554 3643 iortuna
576 3583 660 3659 lieet,
683 3583 833 3662 maiorque
855 3601 982 3664 perora
1330 3580 1331 3661 Ῑ

263 3666 405 3746 Sanguis,
425 3675 455 3728 et
475 3665 584 3728 alllioto
606 3668 698 3747 spirat
718 3671 883 3730 reuerentia
904 3669 995 3730 uultu.
1329 3704 1331 3827 p

1319 3934 1332 4140 l
