2842 4300
231 371 314 436 108Δ
565 385 597 433 u.
619 383 753 432 Parrum
775 350 898 433 aranu
942 341 946 351 ¹

228 541 296 621 lpse
317 539 436 602 madens
455 539 567 616 oculis,
591 539 756 601 umbrarum
775 542 947 622 animaeque
964 541 1120 618 sacerdos,
1185 545 1188 550 '

226 627 430 688 Praecinerem
450 626 604 703 gemitum,
630 626 677 685 cui
697 635 728 686 tc
749 643 806 686 uec
824 622 973 688 Cerberus
993 629 1071 687 omui
1140 661 1146 672 ·

227 710 287 772 Ore
307 729 363 771 nec
385 709 521 789 Orpheae
541 712 656 789 quirent
678 719 815 771 avertere
834 712 929 790 leges.

226 795 333 876 Meque
356 794 470 856 habitus
491 811 649 874 moresque
671 804 739 855 tuos
759 802 789 855 et
810 795 888 858 lacta
909 806 1063 858 canentem

225 879 300 942 llors
323 889 353 941 et
372 879 559 960 magniloquo
583 897 641 940 uon
660 879 879 959 posthabuisset
897 882 1038 958 Homero,
1108 951 1113 955 ,

226 965 373 1028 Tenderet
393 974 423 1025 et
441 975 526 1025 torvo
547 966 641 1044 pietas
661 983 792 1045 aequare
812 965 935 1027 blaroui.

162 1045 166 1056 ’
291 1050 350 1112 Cur
369 1051 462 1128 magis
482 1051 610 1110 incessat
629 1067 757 1129 superos
779 1059 810 1111 et
831 1069 904 1112 aeua
925 1069 1058 1114 sororum

227 1138 369 1212 Stamina,
396 1153 471 1215 quae
494 1135 594 1215 tepido
615 1136 1077 1216 genetrix'snper·aggere‘nati

182 1271 185 1284 .
226 1221 304 1283 Orba
326 1221 427 1297 sedet,
449 1221 498 1281 vel
520 1237 594 1299 quae
617 1219 757 1299 primaevi
781 1223 914 1299 coniugis
936 1225 1034 1299 ignem
1101 1237 1107 1252 ·

225 1306 360 1385 Adspicit
382 1303 592 1385 obstantesque
615 1321 716 1364 manus
739 1305 910 1386 turbamque
931 1315 1080 1366 tenentem

224 1390 338 1467 Vincit,
360 1392 390 1450 iu
411 1390 575 1467 ardentem,
599 1389 703 1466 liceat,
725 1392 864 1452 moritura
884 1388 1039 1452 maritum?

105 1535 114 1556 ‚
224 1475 318 1536 blalor
340 1484 422 1536 certe
440 1475 504 1535 aliis
523 1492 649 1554 superos
672 1483 702 1534 et
720 1483 829 1536 tartara
848 1476 965 1556 pulsem

223 1560 348 1638 Invidia,
372 1561 501 1621 externis
523 1561 609 1620 etiam
629 1559 798 1621 miserabile
819 1563 885 1621 risu

223 1645 322 1706 Funus
345 1654 401 1706 eat.
446 1645 507 1706 Sed
528 1663 584 1706 nec
607 1645 676 1705 mihi
697 1662 732 1704 se
754 1655 857 1707 natura
879 1645 991 1706 dolenti

222 1729 288 1790 Nec
309 1731 403 1810 pietas
421 1731 525 1790 iniusta
546 1729 730 1810 deditgmtht
747 1730 845 1792 limine
864 1733 959 1810 primo

222 1814 359 1877 Fatorum
381 1811 410 1875 et
429 1813 529 1890 uiridi,
557 1816 673 1893 genitor
695 1832 751 1876 ceu
770 1826 873 1896 raptus
893 1815 931 1877 ab
955 1832 1031 1876 aeuo

224 1900 346 1962 'l'artara
365 1900 436 1961 dura
459 1897 551 1959 subis.
593 1897 658 1959 Nec
678 1901 755 1960 euim
775 1898 956 1961 llarathonia
973 1901 1061 1977 virgo

141 1985 152 2001 ¹
222 1985 341 2046 Parcius
363 1985 521 2045 extinctum
542 2001 698 2044 saevorum
722 1985 841 2045 crimine
859 1993 1007 2063 agrestum

222 2069 352 2132 Fleverit
373 2070 515 2147 Icarium,
535 2069 661 2146 Phrygia
681 2087 766 2148 quam
786 2079 866 2130 turre
885 2070 1037 2130 cadentem

223 2156 402 2233 Astyanacta
424 2174 542 2235 parens.
586 2154 704 2233 haqueo
728 2157 797 2236 quin
815 2156 866 2216 illa
887 2173 1041 2235 supremos

223 2239 344 2301 lnclusit
361 2243 503 2319 gemitus:
526 2249 555 2301 at
576 2250 606 2300 te
625 2249 693 2320 post
714 2239 816 2301 lunera
837 2242 934 2318 magui

223 2325 358 2386 llectoris
377 2325 536 2387 Haemonio
559 2324 654 2403 pudor
672 2333 720 2384 est
736 2327 866 2385 servisse
885 2326 1000 2385 marito.

287 2408 353 2470 Nou
375 2428 432 2487 ego
455 2426 528 2487 quas
548 2409 600 2469 lati
623 2417 720 2469 certus
743 2409 798 2469 sibi
820 2426 896 2469 voce
919 2427 1028 2470 canora
1188 2418 1227 2472 80

223 2492 346 2554 Inferias
368 2496 526 2573 praemittit
548 2493 630 2569 olor,
652 2511 708 2552 neo
730 2512 804 2572 rupe
826 2494 905 2573 quod
928 2503 989 2554 atra

224 2577 392 2654 Tyrrhenae
413 2577 550 2639 volucres
571 2578 665 2637 nautis
687 2579 848 2657 praedulce
868 2580 1020 2655 minantur,

223 2662 256 2723 ln
277 2664 387 2741 patrios
409 2658 554 2722 adhibebo
574 2678 681 2739 rogos;
706 2680 764 2722 non
785 2681 929 2725 murmure
950 2674 1054 2723 moneo

223 2747 310 2821 Quod
329 2748 419 2825 gemit
440 2756 470 2807 et
491 2747 571 2807 dirae
594 2747 725 2825 queritur
738 2748 900 2808 Philomela
921 2750 1033 2817 sorori;

224 2832 300 2893 Nota
320 2834 404 2892 nimis
421 2832 490 2892 vati.
535 2830 608 2904 Quis
629 2846 688 2891 non
705 2832 735 2891 in
756 2833 860 2893 iuuere
882 2842 1004 2894 cunctos
1191 2840 1228 2896 85

223 2918 374 2978 Heliadum
395 2934 492 2977 ramos
515 2916 730 2995 lacrimosaque
752 2919 882 2996 germina
905 2918 987 2993 dixit,

224 3002 262 3063 Et
284 3002 440 3080 Phrygium
462 3000 575 3061 silicem
596 3010 683 3080 atque
704 3020 805 3062 ausum
820 3002 971 3061 ‘contraria
989 2999 1109 3061 Phoebo

225 3082 359 3147 Carmina
380 3104 436 3146 nec
457 3086 546 3145 locda
568 3086 699 3163 gavisam
717 3086 835 3146 Pallada
856 3082 958 3145 buxo?

224 3170 266 3232 'l'e
288 3172 382 3249 pietas
404 3169 492 3231 oblita
513 3171 606 3229 virum
625 3180 824 3248 revocataque
845 3169 934 3230 coelo

222 3256 332 3317 Iustitia
353 3264 382 3315 et
402 3256 518 3332 gemina
540 3255 660 3334 plangat
679 3255 813 3315 facundia
835 3254 944 3331 lingua,

222 3340 261 3401 Et
282 3338 378 3400 Pallas
399 3340 537 3417 doctique
558 3340 666 3399 cohors
682 3338 835 3400 Heliconia
853 3337 975 3415 Phoebi,
1005 3348 1007 3353 ’

224 3425 296 3500 Quis
315 3424 399 3485 labor
418 3422 531 3489 Aonios
552 3441 623 3484 seno
647 3423 724 3504 pede
736 3424 859 3485 ducere
880 3440 1010 3501 campos,

222 3508 261 3571 Et
280 3509 384 3590 quibus
401 3508 526 3570 Arcadia
545 3527 663 3569 carmen
682 3509 829 3569 testudine
848 3509 958 3568 mensis

224 3593 301 3655 Cura
321 3595 404 3671 lyrae
425 3612 589 3673 nomenque
610 3592 679 3670 init,
701 3611 835 3675 quosque
857 3594 930 3654 orbe
951 3592 1006 3671 sub
1028 3592 1105 3670 omui

223 3680 322 3741 Ardua
342 3688 467 3761 septena
488 3687 619 3741 numerat
640 3677 781 3759 sapientia
802 3678 890 3757 lama,
