2842 4300
499 388 700 439 nuunmuos
719 388 791 439 nus,
814 388 862 438 nv.
1135 373 1176 438 89

184 544 338 616 Gentibas;
360 546 525 607 arcitenens
546 564 599 607 seu
620 555 650 607 te
667 542 786 607 Latonia
805 554 888 607 cauto

181 630 229 693 lle
250 648 343 710 grege
365 633 524 693 transmisit
542 632 691 708 thalamis,
713 650 766 692 sen
786 632 886 711 lapsus
907 630 945 692 ab
963 633 1050 693 astris
1125 641 1179 697 'lio

182 714 249 777 Non
266 715 378 777 humilis
402 716 559 778 foecundat
581 732 679 793 amor,
701 717 892 796 nequeenim
913 717 980 796 ipse
997 718 1117 779 deorum

180 800 318 877 Arbiter,
337 799 509 878 Argolidum
528 800 661 862 thalamis
682 818 792 878 nouus,
814 801 935 878 alapiae
953 810 1067 871 moesta

181 884 314 964 Agraina.
353 883 415 945 Nos
435 886 517 946 icrro
536 886 653 946 meritas
676 886 835 948 excindere
856 885 975 947 Thebas

182 968 266 1031 hlcns
288 969 367 1046 tulit,
388 970 490 1031 inbelli
513 971 566 1031 sed
586 988 662 1031 nunc
681 972 744 1031 sitis
763 971 848 1031 auxia
869 970 930 1031 lato

183 1053 388 1134 Submittitquc
410 1056 520 1115 animos
542 1064 572 1115 et
594 1056 696 1116 inertia
717 1054 826 1115 rebem
849 1056 951 1135 carpit.
1126 1064 1179 1122 ioh

181 1136 228 1200 Da
249 1139 338 1199 fessis
358 1140 386 1199 in
405 1139 495 1200 rebus
516 1156 619 1219 opem,
640 1157 692 1199 seu
713 1139 845 1201 turbidus
869 1140 981 1216 amnis,-

182 1225 243 1284 Seu
263 1224 315 1284 tibi
337 1223 424 1285 foeda
443 1224 542 1304 palus3
564 1224 634 1285 nihil
656 1224 711 1285 hae
732 1225 761 1283 in
783 1233 864 1285 sorte
886 1222 1061 1304 pudendam,
1118 1296 1122 1305 ‚

181 1306 231 1369 Nil
253 1308 359 1369 humile
381 1318 442 1378 est;
465 1318 495 1369 tu
516 1326 591 1369 nune
610 1310 706 1369 ventis
726 1310 886 1389 pluvioque
905 1309 1020 1388 rogaris

183 1392 240 1453 Pro
260 1392 347 1470 love,
366 1403 395 1453 tn
414 1393 533 1471 refugas
554 1394 633 1453 uires
653 1403 683 1454 et
703 1402 825 1473 pectora
845 1392 928 1454 bello

182 1475 350 1539 Exanimata
370 1456 470 1558 reple:
495 1479 538 1538 sic
556 1478 613 1539 hoc
634 1478 685 1538 tibi
708 1478 934 1539 sideralem
1125 1489 1179 1545 760

184 1558 308 1622 Crescat
326 1578 407 1623 onus.
451 1562 573 1623 Tantum
592 1563 720 1623 reduces
743 1563 793 1624 det
812 1559 934 1623 ilecterc
954 1578 1076 1641 gressus

181 1646 329 1727 luppiter,
349 1664 367 1708 o
388 1657 493 1726 quanta
511 1647 583 1707 belli
602 1648 751 1708 donabere
773 1646 898 1727 praeda!

181 1730 327 1791 Direaeos
348 1731 416 1808 tibi,
437 1732 523 1809 diva,
546 1750 657 1810 greges
678 1750 884 1811 numerumque
906 1730 1066 1811 rependam

182 1815 299 1891 Plebis,
323 1824 352 1877 et
373 1816 421 1877 hie
442 1834 545 1893 magna
567 1817 650 1877 luens
669 1817 830 1895 signabitur
845 1820 920 1877 ara!

247 1898 342 1977 Dixit,
365 1910 395 1962 et
415 1902 523 1962 orantis
548 1900 642 1961 media
660 1902 737 1961 inter
755 1900 900 1961 anhelitus
921 1898 1027 1960 ardens
1126 1908 1180 1966 765

181 1983 284 2047 Verba
301 1986 391 2065 rapit,
411 2003 556 2064 cursuque
577 1987 688 2045 animae
708 1984 787 2045 labat
804 1984 884 2045 arida
906 1985 1014 2062 lingua.

180 2069 262 2131 Idem
284 2086 384 2131 omnes
404 2070 558 2150 pallorque
579 2071 659 2129 viros
680 2068 825 2149 datusque
847 2068 935 2129 soluti

184 2153 251 2216 Oris
274 2155 375 2226 habet;
397 2155 492 2216 reddit
512 2155 639 2215 demisso
657 2154 774 2216 hemula
796 2155 891 2215 uultu:

249 2239 340 2302 ‘Diva
362 2241 478 2320 quidem
495 2240 595 2316 robis,
618 2248 647 2300 et
669 2240 694 2299 si
716 2238 858 2300 coelestis
877 2239 962 2317 origo
984 2249 1042 2317 est,

181 2322 266 2387 Unde
288 2322 367 2403 ego?
385 2324 524 2386 mortales
546 2325 651 2384 utinam
668 2323 745 2385 haud
764 2333 949 2402 transgressa
966 2323 1087 2386 inissem
1128 2333 1180 2390 ato

180 2409 334 2472 Luctibus!
380 2409 522 2470 Altricem
538 2409 663 2470 mandati
685 2409 803 2469 cernitis
824 2408 925 2470 orbam

182 2493 331 2572 Pignoris:
354 2502 383 2555 at
402 2495 511 2554 nostris
530 2511 567 2554 an
589 2495 654 2574 quis
674 2495 754 2554 sinus
773 2492 924 2573 uberaque
944 2493 1015 2572 ulla,

182 2579 245 2640 Seit
267 2577 355 2655 deus,
379 2587 409 2638 ct
429 2577 516 2638 uobis
536 2597 658 2655 regnum
678 2587 775 2639 tamen
793 2587 823 2639 et
841 2588 927 2658 pater
947 2581 1061 2657 ingens.

182 2661 245 2724 Sed
266 2660 334 2741 quid
358 2678 415 2740 ego
433 2659 529 2722 hacc?
552 2663 708 2740 fessosque
730 2664 838 2740 optatis
860 2664 998 2724 demorer
1018 2660 1123 2727 undis?

182 2745 298 2808 Mecum
318 2763 374 2823 age
391 2763 483 2821 nune,
505 2746 530 2805 si
551 2745 628 2805 forte
649 2746 726 2806 vado
745 2745 852 2824 Langia
871 2765 1019 2827 perennes
1128 2756 1180 2814 lib

183 2833 290 2892 Servat
307 2848 410 2910 aquas;
429 2830 506 2891 solet
525 2839 555 2890 et
573 2829 667 2908 rapidi
689 2828 743 2888 suh
767 2829 857 2890 limite
878 2834 977 2894 cancri

183 2917 325 2995 Semper,
349 2923 378 2975 et
398 2913 483 2976 learii
505 2916 634 2994 quamvis
655 2912 723 2974 iuba
743 2913 873 2992 fulgeret
892 2916 973 2997 astri,

183 2998 232 3062 Ire
253 3002 370 3061 tamen.⁹
411 2999 501 3062 Simul
518 2999 702 3075 haerentem,
724 3017 762 3059 ne
783 2998 864 3059 tarda
885 2999 1018 3078 Pelasgis

183 3085 252 3146 Dux
273 3084 369 3161 leret,
392 3083 429 3146 ah
450 3084 586 3145 miserum
603 3082 701 3144 vicino
721 3084 834 3161 cespite
857 3083 1011 3162 alumnum,

185 3170 236 3230 Sic
253 3169 363 3231 Pareae
384 3169 524 3245 volucre,
547 3168 642 3245 locat,
662 3168 803 3247 ponitque
820 3177 976 3245 negantem
1130 3179 1182 3234 teo

183 3253 320 3315 Floribus
343 3255 490 3332 aggestis,
515 3261 544 3313 et
565 3253 659 3313 arnico
680 3269 824 3312 murmure
845 3252 949 3313 dulces

72 3388 81 3419 ,
121 3381 126 3388 ·
184 3338 304 3401 Solatur
323 3339 472 3400 lacrimas:
494 3336 588 3417 qualis
607 3336 802 3412 Berecynthia
822 3346 926 3415 mater,

183 3423 261 3486 Dum
282 3424 360 3484 eirca
379 3439 498 3503 parvum
518 3421 599 3482 iubet
619 3421 752 3482 exultare
775 3419 935 3483 Tonantem

186 3507 310 3570 Curetas
332 3506 479 3587 trepidos;
503 3507 547 3568 illi
571 3506 710 3568 certantia
728 3505 870 3584 plaudunt

186 3592 292 3672 Orgia,
313 3592 366 3653 sed
383 3591 495 3668 magnis
515 3599 634 3652 resonat
654 3589 801 3668 uagiubus
820 3589 881 3652 lde.
1130 3599 1182 3655 tes

248 3676 289 3738 At
310 3695 385 3757 puer
404 3677 434 3737 iu
453 3676 565 3754 gremio
584 3693 692 3738 vernae
712 3675 826 3736 telluris
847 3684 877 3736 et
894 3673 955 3737 alto
