<?xml version="1.0" encoding="UTF-8"?>
<!DOCTYPE html PUBLIC "-//W3C//DTD XHTML 1.0 Transitional//EN"
    "http://www.w3.org/TR/xhtml1/DTD/xhtml1-transitional.dtd">
<html xmlns="http://www.w3.org/1999/xhtml" xml:lang="en" lang="en">
 <head>
  <title>
</title>
<meta http-equiv="Content-Type" content="text/html;charset=utf-8" />
  <meta name='ocr-system' content='tesseract 3.04.00' />
  <meta name='ocr-capabilities' content='ocr_page ocr_carea ocr_par ocr_line ocrx_word'/>
</head>
<body>
  <div class='ocr_page' id='page_1' title='image "./publiuspapinius01quecgoog_0138.png"; bbox 0 0 2842 4300; ppageno 0'>
   <div class='ocr_carea' id='block_1_1' title="bbox 568 385 849 442">
    <p class='ocr_par' dir='ltr' id='par_1_1' title="bbox 568 385 849 442">
     <span class='ocr_line' id='line_1_1' title="bbox 568 385 849 442; baseline -0.007 -1"><span class='ocrx_word' id='word_1_1' title='bbox 568 385 745 442; x_wconf 71' lang='lat' dir='ltr'>SILVARUH</span> <span class='ocrx_word' id='word_1_2' title='bbox 765 393 798 440; x_wconf 78' lang='lat' dir='ltr'>L.</span> <span class='ocrx_word' id='word_1_3' title='bbox 815 393 849 440; x_wconf 84' lang='lat' dir='ltr'>V.</span> 
     </span>
    </p>
   </div>
   <div class='ocr_carea' id='block_1_2' title="bbox 209 545 1302 967">
    <p class='ocr_par' dir='ltr' id='par_1_2' title="bbox 211 545 909 626">
     <span class='ocr_line' id='line_1_2' title="bbox 211 545 909 626; baseline -0.001 -17"><span class='ocrx_word' id='word_1_4' title='bbox 211 546 358 626; x_wconf 77' lang='lat' dir='ltr'><strong>Certaque</strong></span> <span class='ocrx_word' id='word_1_5' title='bbox 380 545 428 607; x_wconf 91' lang='lat' dir='ltr'>dat</span> <span class='ocrx_word' id='word_1_6' title='bbox 446 548 523 608; x_wconf 85' lang='lat' dir='ltr'>rotis</span> <span class='ocrx_word' id='word_1_7' title='bbox 543 547 643 609; x_wconf 88' lang='lat' dir='ltr'>hilaris</span> <span class='ocrx_word' id='word_1_8' title='bbox 663 549 788 626; x_wconf 76' lang='lat' dir='ltr'>vestigia</span> <span class='ocrx_word' id='word_1_9' title='bbox 807 548 909 624; x_wconf 87' lang='lat' dir='ltr'>frater,</span> 
     </span>
    </p>

    <p class='ocr_par' dir='ltr' id='par_1_3' title="bbox 209 633 1051 798">
     <span class='ocr_line' id='line_1_3' title="bbox 210 633 1051 712; baseline -0.002 -18"><span class='ocrx_word' id='word_1_10' title='bbox 210 635 325 710; x_wconf 81' lang='lat' dir='ltr'>Surge,</span> <span class='ocrx_word' id='word_1_11' title='bbox 347 635 441 692; x_wconf 86' lang='lat' dir='ltr'>animo</span> <span class='ocrx_word' id='word_1_12' title='bbox 461 643 492 693; x_wconf 90' lang='lat' dir='ltr'>et</span> <span class='ocrx_word' id='word_1_13' title='bbox 513 633 605 694; x_wconf 82' lang='lat' dir='ltr'>fortes</span> <span class='ocrx_word' id='word_1_14' title='bbox 628 643 791 696; x_wconf 88' lang='lat' dir='ltr'>castrorum</span> <span class='ocrx_word' id='word_1_15' title='bbox 809 634 934 712; x_wconf 76' lang='lat' dir='ltr'><strong>concipe</strong></span> <span class='ocrx_word' id='word_1_16' title='bbox 956 650 1051 695; x_wconf 90' lang='lat' dir='ltr'>curas.</span> 
     </span>
     <span class='ocr_line' id='line_1_4' title="bbox 209 715 961 798; baseline -0.003 -20"><span class='ocrx_word' id='word_1_17' title='bbox 209 715 411 778; x_wconf 75' lang='lat' dir='ltr'>Monstrabunt</span> <span class='ocrx_word' id='word_1_18' title='bbox 433 719 514 778; x_wconf 91' lang='lat' dir='ltr'>acies</span> <span class='ocrx_word' id='word_1_19' title='bbox 533 717 649 780; x_wconf 86' lang='lat' dir='ltr'>llavors</span> <span class='ocrx_word' id='word_1_20' title='bbox 670 717 841 798; x_wconf 76' lang='lat' dir='ltr'><strong>Actaeaque</strong></span> <span class='ocrx_word' id='word_1_21' title='bbox 861 719 961 794; x_wconf 83' lang='lat' dir='ltr'>virgo;</span> 
     </span>
    </p>

    <p class='ocr_par' dir='ltr' id='par_1_4' title="bbox 209 799 1302 967">
     <span class='ocr_line' id='line_1_5' title="bbox 209 799 1227 882; baseline 0.002 -20"><span class='ocrx_word' id='word_1_22' title='bbox 209 801 348 863; x_wconf 74' lang='lat' dir='ltr'>Flectere</span> <span class='ocrx_word' id='word_1_23' title='bbox 371 799 476 862; x_wconf 80' lang='lat' dir='ltr'>Castor</span> <span class='ocrx_word' id='word_1_24' title='bbox 496 821 608 882; x_wconf 90' lang='lat' dir='ltr'>equos,</span> <span class='ocrx_word' id='word_1_25' title='bbox 631 803 759 863; x_wconf 88' lang='lat' dir='ltr'>humeris</span> <span class='ocrx_word' id='word_1_26' title='bbox 780 812 901 881; x_wconf 90' lang='lat' dir='ltr'>quatere</span> <span class='ocrx_word' id='word_1_27' title='bbox 920 821 1000 864; x_wconf 85' lang='lat' dir='ltr'>arma</span> <span class='ocrx_word' id='word_1_28' title='bbox 1022 802 1168 880; x_wconf 78' lang='lat' dir='ltr'><strong>Quirinus,</strong></span> <span class='ocrx_word' id='word_1_29' title='bbox 1222 877 1227 881; x_wconf 23' lang='lat'><em>¹</em></span> 
     </span>
     <span class='ocr_line' id='line_1_6' title="bbox 211 885 1302 967; baseline 0.006 -21"><span class='ocrx_word' id='word_1_30' title='bbox 211 886 268 960; x_wconf 82' lang='lat' dir='ltr'>Qui</span> <span class='ocrx_word' id='word_1_31' title='bbox 288 885 339 946; x_wconf 89' lang='lat' dir='ltr'>tibi</span> <span class='ocrx_word' id='word_1_32' title='bbox 359 896 417 948; x_wconf 90' lang='lat' dir='ltr'>tam</span> <span class='ocrx_word' id='word_1_33' title='bbox 438 895 542 949; x_wconf 91' lang='lat' dir='ltr'>tenero</span> <span class='ocrx_word' id='word_1_34' title='bbox 564 889 701 967; x_wconf 79' lang='lat' dir='ltr'>permisit.</span> <span class='ocrx_word' id='word_1_35' title='bbox 718 888 860 967; x_wconf 91' lang='lat' dir='ltr'>plaudere</span> <span class='ocrx_word' id='word_1_36' title='bbox 882 887 962 947; x_wconf 89' lang='lat' dir='ltr'>collo</span> <span class='ocrx_word' id='word_1_37' title='bbox 1030 943 1033 947; x_wconf 88' lang='lat'>.</span> <span class='ocrx_word' id='word_1_38' title='bbox 1161 897 1213 952; x_wconf 80' lang='lat'>130</span> <span class='ocrx_word' id='word_1_39' title='bbox 1297 924 1302 928; x_wconf 81' lang='lat'><em>-</em></span> 
     </span>
    </p>
   </div>
   <div class='ocr_carea' id='block_1_3' title="bbox 74 971 965 1060">
    <p class='ocr_par' dir='ltr' id='par_1_5' title="bbox 74 949 965 1060">
     <span class='ocr_line' id='line_1_7' title="bbox 74 971 965 1060; baseline 0 -28"><span class='ocrx_word' id='word_1_40' title='bbox 74 1037 76 1060; x_wconf 28' lang='grc' dir='ltr'><strong>ι</strong></span> <span class='ocrx_word' id='word_1_41' title='bbox 208 971 381 1049; x_wconf 77' lang='lat' dir='ltr'>Nubigenae</span> <span class='ocrx_word' id='word_1_42' title='bbox 402 972 515 1051; x_wconf 87' lang='lat' dir='ltr'>clipeos</span> <span class='ocrx_word' id='word_1_43' title='bbox 535 975 701 1051; x_wconf 89' lang='lat' dir='ltr'>intactaque</span> <span class='ocrx_word' id='word_1_44' title='bbox 724 972 862 1032; x_wconf 90' lang='lat' dir='ltr'>caedibus</span> <span class='ocrx_word' id='word_1_45' title='bbox 884 990 965 1032; x_wconf 84' lang='lat' dir='ltr'>aera.</span> 
     </span>
    </p>
   </div>
   <div class='ocr_carea' id='block_1_4' title="bbox 209 1053 1135 1302">
    <p class='ocr_par' dir='ltr' id='par_1_6' title="bbox 209 1053 1135 1302">
     <span class='ocr_line' id='line_1_8' title="bbox 209 1053 1135 1136; baseline -0.002 -18"><span class='ocrx_word' id='word_1_46' title='bbox 209 1056 357 1130; x_wconf 80' lang='lat' dir='ltr'><strong>Quasnam</strong></span> <span class='ocrx_word' id='word_1_47' title='bbox 377 1057 464 1134; x_wconf 82' lang='lat' dir='ltr'>igitur</span> <span class='ocrx_word' id='word_1_48' title='bbox 484 1066 595 1132; x_wconf 87' lang='lat' dir='ltr'>terras,</span> <span class='ocrx_word' id='word_1_49' title='bbox 619 1075 705 1136; x_wconf 88' lang='lat' dir='ltr'>quem</span> <span class='ocrx_word' id='word_1_50' title='bbox 725 1054 863 1118; x_wconf 78' lang='lat' dir='ltr'>Caesaris</span> <span class='ocrx_word' id='word_1_51' title='bbox 883 1056 940 1116; x_wconf 86' lang='lat' dir='ltr'>ibis</span> <span class='ocrx_word' id='word_1_52' title='bbox 960 1059 990 1117; x_wconf 93' lang='lat' dir='ltr'>in</span> <span class='ocrx_word' id='word_1_53' title='bbox 1013 1053 1135 1118; x_wconf 81' lang='lat' dir='ltr'>orbern?</span> 
     </span>
     <span class='ocr_line' id='line_1_9' title="bbox 209 1141 910 1204; baseline -0.003 -2"><span class='ocrx_word' id='word_1_54' title='bbox 209 1141 378 1202; x_wconf 78' lang='lat' dir='ltr'>Arctoosne</span> <span class='ocrx_word' id='word_1_55' title='bbox 396 1159 495 1202; x_wconf 90' lang='lat' dir='ltr'>amnes</span> <span class='ocrx_word' id='word_1_56' title='bbox 518 1152 548 1202; x_wconf 88' lang='lat' dir='ltr'>et</span> <span class='ocrx_word' id='word_1_57' title='bbox 569 1141 663 1202; x_wconf 82' lang='lat' dir='ltr'>Rheni</span> <span class='ocrx_word' id='word_1_58' title='bbox 683 1142 777 1202; x_wconf 88' lang='lat' dir='ltr'>iracta</span> <span class='ocrx_word' id='word_1_59' title='bbox 797 1141 910 1204; x_wconf 90' lang='lat' dir='ltr'>natabis</span> 
     </span>
     <span class='ocr_line' id='line_1_10' title="bbox 209 1222 1020 1302; baseline -0.001 -16"><span class='ocrx_word' id='word_1_60' title='bbox 209 1224 357 1302; x_wconf 90' lang='lat' dir='ltr'>Flumina,</span> <span class='ocrx_word' id='word_1_61' title='bbox 381 1243 417 1286; x_wconf 92' lang='lat' dir='ltr'>an</span> <span class='ocrx_word' id='word_1_62' title='bbox 437 1226 582 1288; x_wconf 79' lang='lat' dir='ltr'>aestiferis</span> <span class='ocrx_word' id='word_1_63' title='bbox 604 1226 713 1302; x_wconf 72' lang='lat' dir='ltr'>libyae</span> <span class='ocrx_word' id='word_1_64' title='bbox 735 1226 854 1287; x_wconf 90' lang='lat' dir='ltr'>sudabis</span> <span class='ocrx_word' id='word_1_65' title='bbox 873 1228 902 1286; x_wconf 94' lang='lat' dir='ltr'>in</span> <span class='ocrx_word' id='word_1_66' title='bbox 922 1222 1020 1286; x_wconf 78' lang='lat' dir='ltr'>aruis?</span> 
     </span>
    </p>
   </div>
   <div class='ocr_carea' id='block_1_5' title="bbox 73 1282 1212 1480">
    <p class='ocr_par' dir='ltr' id='par_1_7' title="bbox 73 1282 1212 1480">
     <span class='ocr_line' id='line_1_11' title="bbox 73 1282 1212 1391; baseline 0.003 -21"><span class='ocrx_word' id='word_1_67' title='bbox 73 1336 78 1346; x_wconf 93' lang='lat'><strong>·</strong></span> <span class='ocrx_word' id='word_1_68' title='bbox 208 1311 257 1370; x_wconf 83' lang='lat' dir='ltr'>An</span> <span class='ocrx_word' id='word_1_69' title='bbox 274 1311 341 1388; x_wconf 83' lang='lat' dir='ltr'>iuga</span> <span class='ocrx_word' id='word_1_70' title='bbox 359 1310 525 1387; x_wconf 82' lang='lat' dir='ltr'>l’annoniae</span> <span class='ocrx_word' id='word_1_71' title='bbox 545 1321 763 1390; x_wconf 81' lang='lat' dir='ltr'>mutatoresque</span> <span class='ocrx_word' id='word_1_72' title='bbox 785 1311 935 1372; x_wconf 89' lang='lat' dir='ltr'>domorum</span> <span class='ocrx_word' id='word_1_73' title='bbox 962 1383 966 1391; x_wconf 20' lang='grc' dir='ltr'>ἴ</span> <span class='ocrx_word' id='word_1_74' title='bbox 1162 1282 1212 1374; x_wconf 69' lang='grc'>135</span> 
     </span>
     <span class='ocr_line' id='line_1_12' title="bbox 75 1392 971 1480; baseline -0.002 -24"><span class='ocrx_word' id='word_1_75' title='bbox 75 1442 80 1480; x_wconf 56' lang='lat'><em>3</em></span> <span class='ocrx_word' id='word_1_76' title='bbox 209 1396 395 1456; x_wconf 87' lang='lat' dir='ltr'>Sauromatas</span> <span class='ocrx_word' id='word_1_77' title='bbox 415 1392 549 1476; x_wconf 81' lang='lat' dir='ltr'>quaties?</span> <span class='ocrx_word' id='word_1_78' title='bbox 574 1395 620 1456; x_wconf 80' lang='lat' dir='ltr'>An</span> <span class='ocrx_word' id='word_1_79' title='bbox 642 1405 672 1456; x_wconf 91' lang='lat' dir='ltr'>te</span> <span class='ocrx_word' id='word_1_80' title='bbox 692 1405 834 1475; x_wconf 90' lang='lat' dir='ltr'>septenus</span> <span class='ocrx_word' id='word_1_81' title='bbox 850 1394 971 1456; x_wconf 85' lang='lat' dir='ltr'>habebit</span> 
     </span>
    </p>
   </div>
   <div class='ocr_carea' id='block_1_6' title="bbox 208 1477 942 1558">
    <p class='ocr_par' dir='ltr' id='par_1_8' title="bbox 208 1477 942 1558">
     <span class='ocr_line' id='line_1_13' title="bbox 208 1477 942 1558; baseline 0 -18"><span class='ocrx_word' id='word_1_82' title='bbox 208 1479 286 1540; x_wconf 87' lang='lat' dir='ltr'>lster</span> <span class='ocrx_word' id='word_1_83' title='bbox 308 1489 338 1540; x_wconf 91' lang='lat' dir='ltr'>et</span> <span class='ocrx_word' id='word_1_84' title='bbox 357 1480 470 1540; x_wconf 89' lang='lat' dir='ltr'>undoso</span> <span class='ocrx_word' id='word_1_85' title='bbox 492 1481 659 1541; x_wconf 90' lang='lat' dir='ltr'>circumllua</span> <span class='ocrx_word' id='word_1_86' title='bbox 678 1483 804 1558; x_wconf 78' lang='lat' dir='ltr'>coniuge</span> <span class='ocrx_word' id='word_1_87' title='bbox 822 1477 942 1541; x_wconf 75' lang='lat' dir='ltr'>Peuce?</span> 
     </span>
    </p>
   </div>
   <div class='ocr_carea' id='block_1_7' title="bbox 73 1557 1019 1728">
    <p class='ocr_par' dir='ltr' id='par_1_9' title="bbox 73 1557 1019 1728">
     <span class='ocr_line' id='line_1_14' title="bbox 73 1557 1019 1645; baseline 0 -21"><span class='ocrx_word' id='word_1_88' title='bbox 73 1557 78 1571; x_wconf 70' lang='grc'>”</span> <span class='ocrx_word' id='word_1_89' title='bbox 209 1565 257 1624; x_wconf 82' lang='lat' dir='ltr'>Au</span> <span class='ocrx_word' id='word_1_90' title='bbox 279 1565 427 1640; x_wconf 74' lang='lat' dir='ltr'>Solymum</span> <span class='ocrx_word' id='word_1_91' title='bbox 448 1566 577 1626; x_wconf 88' lang='lat' dir='ltr'>cinerem</span> <span class='ocrx_word' id='word_1_92' title='bbox 597 1565 783 1644; x_wconf 82' lang='lat' dir='ltr'>palmetaque</span> <span class='ocrx_word' id='word_1_93' title='bbox 804 1574 889 1645; x_wconf 90' lang='lat' dir='ltr'>capta</span> <span class='ocrx_word' id='word_1_94' title='bbox 908 1564 1019 1625; x_wconf 85' lang='lat' dir='ltr'>subibis</span> 
     </span>
     <span class='ocr_line' id='line_1_15' title="bbox 74 1641 899 1728; baseline 0 -20"><span class='ocrx_word' id='word_1_95' title='bbox 74 1641 79 1681; x_wconf 61' lang='lat'>¹¹</span> <span class='ocrx_word' id='word_1_96' title='bbox 208 1648 276 1710; x_wconf 91' lang='lat' dir='ltr'>Non</span> <span class='ocrx_word' id='word_1_97' title='bbox 293 1649 350 1709; x_wconf 91' lang='lat' dir='ltr'>sibi</span> <span class='ocrx_word' id='word_1_98' title='bbox 370 1650 475 1710; x_wconf 81' lang='lat' dir='ltr'>felices</span> <span class='ocrx_word' id='word_1_99' title='bbox 495 1650 585 1710; x_wconf 89' lang='lat' dir='ltr'>silvas</span> <span class='ocrx_word' id='word_1_100' title='bbox 606 1651 742 1728; x_wconf 89' lang='lat' dir='ltr'>ponentis</span> <span class='ocrx_word' id='word_1_101' title='bbox 763 1646 899 1710; x_wconf 79' lang='lat' dir='ltr'>Idumaei</span> 
     </span>
    </p>
   </div>
   <div class='ocr_carea' id='block_1_8' title="bbox 138 1733 1211 3338">
    <p class='ocr_par' dir='ltr' id='par_1_10' title="bbox 138 1733 1211 1906">
     <span class='ocr_line' id='line_1_16' title="bbox 209 1733 1211 1814; baseline 0.002 -20"><span class='ocrx_word' id='word_1_102' title='bbox 209 1733 296 1808; x_wconf 82' lang='lat' dir='ltr'>Quod</span> <span class='ocrx_word' id='word_1_103' title='bbox 318 1735 343 1793; x_wconf 92' lang='lat' dir='ltr'>si</span> <span class='ocrx_word' id='word_1_104' title='bbox 363 1744 393 1799; x_wconf 89' lang='lat' dir='ltr'>te</span> <span class='ocrx_word' id='word_1_105' title='bbox 415 1751 521 1812; x_wconf 83' lang='lat' dir='ltr'>magno</span> <span class='ocrx_word' id='word_1_106' title='bbox 541 1735 629 1796; x_wconf 91' lang='lat' dir='ltr'>tellus</span> <span class='ocrx_word' id='word_1_107' title='bbox 650 1736 763 1796; x_wconf 87' lang='lat' dir='ltr'>irenatn</span> <span class='ocrx_word' id='word_1_108' title='bbox 782 1735 896 1814; x_wconf 88' lang='lat' dir='ltr'>parenti</span> <span class='ocrx_word' id='word_1_109' title='bbox 1160 1739 1211 1797; x_wconf 60' lang='lat' dir='ltr'>lbi</span> 
     </span>
     <span class='ocr_line' id='line_1_17' title="bbox 138 1818 937 1906; baseline -0.001 -27"><span class='ocrx_word' id='word_1_110' title='bbox 138 1883 152 1906; x_wconf 39' lang='lat' dir='ltr'><em>l</em></span> <span class='ocrx_word' id='word_1_111' title='bbox 207 1819 359 1898; x_wconf 80' lang='lat' dir='ltr'>Accipiat,</span> <span class='ocrx_word' id='word_1_112' title='bbox 382 1831 518 1898; x_wconf 89' lang='lat' dir='ltr'>quantum</span> <span class='ocrx_word' id='word_1_113' title='bbox 539 1819 619 1880; x_wconf 89' lang='lat' dir='ltr'>ierus</span> <span class='ocrx_word' id='word_1_114' title='bbox 641 1819 785 1883; x_wconf 88' lang='lat' dir='ltr'>exultabit</span> <span class='ocrx_word' id='word_1_115' title='bbox 805 1818 937 1880; x_wconf 81' lang='lat' dir='ltr'>Araxes!</span> 
     </span>
    </p>

    <p class='ocr_par' dir='ltr' id='par_1_11' title="bbox 208 1900 934 1982">
     <span class='ocr_line' id='line_1_18' title="bbox 208 1900 934 1982; baseline -0.001 -18"><span class='ocrx_word' id='word_1_116' title='bbox 208 1903 322 1977; x_wconf 81' lang='lat' dir='ltr'>Quanta</span> <span class='ocrx_word' id='word_1_117' title='bbox 345 1900 524 1980; x_wconf 68' lang='lat' dir='ltr'>Calydonius</span> <span class='ocrx_word' id='word_1_118' title='bbox 544 1904 659 1965; x_wconf 83' lang='lat' dir='ltr'>attollet</span> <span class='ocrx_word' id='word_1_119' title='bbox 680 1905 776 1982; x_wconf 78' lang='lat' dir='ltr'>gloria</span> <span class='ocrx_word' id='word_1_120' title='bbox 799 1903 934 1982; x_wconf 90' lang='lat' dir='ltr'>campos!</span> 
     </span>
    </p>

    <p class='ocr_par' dir='ltr' id='par_1_12' title="bbox 209 1987 1046 2068">
     <span class='ocr_line' id='line_1_19' title="bbox 209 1987 1046 2068; baseline -0.001 -20"><span class='ocrx_word' id='word_1_121' title='bbox 209 1987 304 2062; x_wconf 83' lang='lat' dir='ltr'>Quum</span> <span class='ocrx_word' id='word_1_122' title='bbox 321 1988 372 2048; x_wconf 91' lang='lat' dir='ltr'>tibi</span> <span class='ocrx_word' id='word_1_123' title='bbox 392 1989 554 2068; x_wconf 83' lang='lat' dir='ltr'>longaevus</span> <span class='ocrx_word' id='word_1_124' title='bbox 575 1989 687 2049; x_wconf 77' lang='lat' dir='ltr'>referet</span> <span class='ocrx_word' id='word_1_125' title='bbox 705 1990 796 2050; x_wconf 88' lang='lat' dir='ltr'>trucis</span> <span class='ocrx_word' id='word_1_126' title='bbox 814 1988 912 2048; x_wconf 91' lang='lat' dir='ltr'>incola</span> <span class='ocrx_word' id='word_1_127' title='bbox 933 1997 1046 2048; x_wconf 89' lang='lat' dir='ltr'>terrae:</span> 
     </span>
    </p>

    <p class='ocr_par' dir='ltr' id='par_1_13' title="bbox 207 2071 1209 2578">
     <span class='ocr_line' id='line_1_20' title="bbox 273 2071 1131 2154; baseline -0.001 -22"><span class='ocrx_word' id='word_1_128' title='bbox 273 2071 344 2133; x_wconf 73' lang='lat' dir='ltr'>‘llic</span> <span class='ocrx_word' id='word_1_129' title='bbox 362 2083 463 2136; x_wconf 89' lang='lat' dir='ltr'>suetus</span> <span class='ocrx_word' id='word_1_130' title='bbox 486 2074 556 2135; x_wconf 91' lang='lat' dir='ltr'>dare</span> <span class='ocrx_word' id='word_1_131' title='bbox 575 2073 638 2134; x_wconf 92' lang='lat' dir='ltr'>iura</span> <span class='ocrx_word' id='word_1_132' title='bbox 661 2091 785 2154; x_wconf 86' lang='lat' dir='ltr'>parens,</span> <span class='ocrx_word' id='word_1_133' title='bbox 808 2071 867 2133; x_wconf 89' lang='lat' dir='ltr'>hoc</span> <span class='ocrx_word' id='word_1_134' title='bbox 889 2073 1004 2152; x_wconf 90' lang='lat' dir='ltr'>cespite</span> <span class='ocrx_word' id='word_1_135' title='bbox 1024 2081 1131 2132; x_wconf 89' lang='lat' dir='ltr'>turmas</span> 
     </span>
     <span class='ocr_line' id='line_1_21' title="bbox 208 2156 1209 2239; baseline 0.001 -20"><span class='ocrx_word' id='word_1_136' title='bbox 208 2156 315 2228; x_wconf 76' lang='lat' dir='ltr'>Adari;</span> <span class='ocrx_word' id='word_1_137' title='bbox 335 2160 442 2237; x_wconf 83' lang='lat' dir='ltr'>vigiles</span> <span class='ocrx_word' id='word_1_138' title='bbox 461 2159 600 2239; x_wconf 84' lang='lat' dir='ltr'>speculas</span> <span class='ocrx_word' id='word_1_139' title='bbox 624 2159 807 2237; x_wconf 88' lang='lat' dir='ltr'>castellaque</span> <span class='ocrx_word' id='word_1_140' title='bbox 827 2158 918 2235; x_wconf 80' lang='lat' dir='ltr'>longe</span> <span class='ocrx_word' id='word_1_141' title='bbox 1158 2164 1209 2222; x_wconf 77' lang='lat'>145</span> 
     </span>
     <span class='ocr_line' id='line_1_22' title="bbox 209 2242 1060 2323; baseline -0.005 -18"><span class='ocrx_word' id='word_1_142' title='bbox 209 2242 370 2321; x_wconf 82' lang='lat' dir='ltr'>Adspicis?</span> <span class='ocrx_word' id='word_1_143' title='bbox 394 2244 445 2304; x_wconf 93' lang='lat' dir='ltr'>ille</span> <span class='ocrx_word' id='word_1_144' title='bbox 465 2244 714 2323; x_wconf 77' lang='lat' dir='ltr'>deditcinxitque</span> <span class='ocrx_word' id='word_1_145' title='bbox 732 2244 807 2304; x_wconf 88' lang='lat' dir='ltr'>baec</span> <span class='ocrx_word' id='word_1_146' title='bbox 827 2242 944 2303; x_wconf 90' lang='lat' dir='ltr'>moenia</span> <span class='ocrx_word' id='word_1_147' title='bbox 961 2242 1060 2302; x_wconf 80' lang='lat' dir='ltr'>fossa:</span> 
     </span>
     <span class='ocr_line' id='line_1_23' title="bbox 208 2326 1108 2406; baseline 0 -19"><span class='ocrx_word' id='word_1_148' title='bbox 208 2326 366 2406; x_wconf 77' lang='lat' dir='ltr'>belligeris</span> <span class='ocrx_word' id='word_1_149' title='bbox 384 2329 459 2389; x_wconf 87' lang='lat' dir='ltr'>haec</span> <span class='ocrx_word' id='word_1_150' title='bbox 481 2329 556 2390; x_wconf 89' lang='lat' dir='ltr'>dona</span> <span class='ocrx_word' id='word_1_151' title='bbox 578 2329 657 2405; x_wconf 90' lang='lat' dir='ltr'>deis,</span> <span class='ocrx_word' id='word_1_152' title='bbox 678 2329 753 2389; x_wconf 89' lang='lat' dir='ltr'>haec</span> <span class='ocrx_word' id='word_1_153' title='bbox 767 2327 834 2389; x_wconf 86' lang='lat' dir='ltr'>tela</span> <span class='ocrx_word' id='word_1_154' title='bbox 855 2326 978 2396; x_wconf 87' lang='lat' dir='ltr'>dicavit;</span> <span class='ocrx_word' id='word_1_155' title='bbox 1104 2375 1108 2387; x_wconf 88' lang='lat'><em>.</em></span> 
     </span>
     <span class='ocr_line' id='line_1_24' title="bbox 210 2410 1053 2493; baseline 0 -22"><span class='ocrx_word' id='word_1_156' title='bbox 210 2410 314 2472; x_wconf 79' lang='lat' dir='ltr'>Cernis</span> <span class='ocrx_word' id='word_1_157' title='bbox 335 2413 429 2475; x_wconf 92' lang='lat' dir='ltr'>adbuc</span> <span class='ocrx_word' id='word_1_158' title='bbox 449 2414 566 2491; x_wconf 85' lang='lat' dir='ltr'>titulos,</span> <span class='ocrx_word' id='word_1_159' title='bbox 588 2413 665 2474; x_wconf 89' lang='lat' dir='ltr'>hunc</span> <span class='ocrx_word' id='word_1_160' title='bbox 685 2416 751 2493; x_wconf 91' lang='lat' dir='ltr'>ipse</span> <span class='ocrx_word' id='word_1_161' title='bbox 772 2412 947 2473; x_wconf 85' lang='lat' dir='ltr'>vocantibus</span> <span class='ocrx_word' id='word_1_162' title='bbox 964 2412 1053 2472; x_wconf 71' lang='lat' dir='ltr'>munis</span> 
     </span>
     <span class='ocr_line' id='line_1_25' title="bbox 207 2495 941 2578; baseline -0.001 -21"><span class='ocrx_word' id='word_1_163' title='bbox 207 2497 318 2575; x_wconf 86' lang='lat' dir='ltr'>Induit,</span> <span class='ocrx_word' id='word_1_164' title='bbox 337 2495 417 2559; x_wconf 87' lang='lat' dir='ltr'>burro</span> <span class='ocrx_word' id='word_1_165' title='bbox 436 2499 501 2575; x_wconf 80' lang='lat' dir='ltr'>regi</span> <span class='ocrx_word' id='word_1_166' title='bbox 519 2498 615 2578; x_wconf 87' lang='lat' dir='ltr'>rapuit</span> <span class='ocrx_word' id='word_1_167' title='bbox 638 2498 759 2559; x_wconf 88' lang='lat' dir='ltr'>thoraca</span> <span class='ocrx_word' id='word_1_168' title='bbox 780 2497 941 2558; x_wconf 65' lang='lat' dir='ltr'>Britanno?</span> 
     </span>
    </p>

    <p class='ocr_par' dir='ltr' id='par_1_14' title="bbox 207 2571 1210 2745">
     <span class='ocr_line' id='line_1_26' title="bbox 209 2571 1210 2661; baseline 0.002 -20"><span class='ocrx_word' id='word_1_169' title='bbox 209 2581 341 2656; x_wconf 83' lang='lat' dir='ltr'>Qualiter</span> <span class='ocrx_word' id='word_1_170' title='bbox 361 2584 390 2643; x_wconf 92' lang='lat' dir='ltr'>in</span> <span class='ocrx_word' id='word_1_171' title='bbox 412 2571 544 2643; x_wconf 77' lang='lat' dir='ltr'>Teucros</span> <span class='ocrx_word' id='word_1_172' title='bbox 565 2584 698 2643; x_wconf 88' lang='lat' dir='ltr'>victricia</span> <span class='ocrx_word' id='word_1_173' title='bbox 718 2582 799 2643; x_wconf 93' lang='lat' dir='ltr'>bella</span> <span class='ocrx_word' id='word_1_174' title='bbox 820 2581 933 2661; x_wconf 88' lang='lat' dir='ltr'>paranti</span> <span class='ocrx_word' id='word_1_175' title='bbox 1157 2591 1210 2643; x_wconf 73' lang='lat' dir='ltr'>luo</span> 
     </span>
     <span class='ocr_line' id='line_1_27' title="bbox 207 2666 957 2745; baseline -0.005 -19"><span class='ocrx_word' id='word_1_176' title='bbox 207 2666 339 2745; x_wconf 80' lang='lat' dir='ltr'>Ignotum</span> <span class='ocrx_word' id='word_1_177' title='bbox 361 2667 472 2743; x_wconf 75' lang='lat' dir='ltr'>Pyrrho</span> <span class='ocrx_word' id='word_1_178' title='bbox 492 2668 623 2729; x_wconf 88' lang='lat' dir='ltr'>Phoenix</span> <span class='ocrx_word' id='word_1_179' title='bbox 643 2666 780 2727; x_wconf 89' lang='lat' dir='ltr'>narrabat</span> <span class='ocrx_word' id='word_1_180' title='bbox 800 2666 957 2725; x_wconf 77' lang='lat' dir='ltr'>Achillem.</span> 
     </span>
    </p>

    <p class='ocr_par' dir='ltr' id='par_1_15' title="bbox 207 2749 1209 3338">
     <span class='ocr_line' id='line_1_28' title="bbox 270 2749 995 2831; baseline -0.003 -20"><span class='ocrx_word' id='word_1_181' title='bbox 270 2749 371 2828; x_wconf 85' lang='lat' dir='ltr'>Felix,</span> <span class='ocrx_word' id='word_1_182' title='bbox 396 2752 445 2831; x_wconf 91' lang='lat' dir='ltr'>qui</span> <span class='ocrx_word' id='word_1_183' title='bbox 467 2752 551 2811; x_wconf 88' lang='lat' dir='ltr'>viridi</span> <span class='ocrx_word' id='word_1_184' title='bbox 572 2749 665 2810; x_wconf 85' lang='lat' dir='ltr'>fidens</span> <span class='ocrx_word' id='word_1_185' title='bbox 687 2758 855 2829; x_wconf 90' lang='lat' dir='ltr'>coeptaque</span> <span class='ocrx_word' id='word_1_186' title='bbox 876 2750 995 2809; x_wconf 86' lang='lat' dir='ltr'>iuventa</span> 
     </span>
     <span class='ocr_line' id='line_1_29' title="bbox 207 2832 955 2915; baseline -0.004 -20"><span class='ocrx_word' id='word_1_187' title='bbox 207 2834 332 2895; x_wconf 88' lang='lat' dir='ltr'>Durabis</span> <span class='ocrx_word' id='word_1_188' title='bbox 354 2854 552 2915; x_wconf 87' lang='lat' dir='ltr'>quascumque</span> <span class='ocrx_word' id='word_1_189' title='bbox 570 2836 634 2895; x_wconf 84' lang='lat' dir='ltr'>vias</span> <span class='ocrx_word' id='word_1_190' title='bbox 655 2834 823 2913; x_wconf 81' lang='lat' dir='ltr'>vallumque</span> <span class='ocrx_word' id='word_1_191' title='bbox 842 2832 955 2898; x_wconf 85' lang='lat' dir='ltr'>subibis</span> 
     </span>
     <span class='ocr_line' id='line_1_30' title="bbox 207 2916 1132 3000; baseline -0.002 -21"><span class='ocrx_word' id='word_1_192' title='bbox 207 2918 321 2981; x_wconf 82' lang='lat' dir='ltr'>Forsan</span> <span class='ocrx_word' id='word_1_193' title='bbox 342 2930 373 2981; x_wconf 91' lang='lat' dir='ltr'>et</span> <span class='ocrx_word' id='word_1_194' title='bbox 394 2920 554 3000; x_wconf 87' lang='lat' dir='ltr'>ipselatus</span> <span class='ocrx_word' id='word_1_195' title='bbox 572 2953 616 2967; x_wconf 85' lang='lat'>·-—</span> <span class='ocrx_word' id='word_1_196' title='bbox 638 2920 663 2979; x_wconf 89' lang='lat' dir='ltr'>si</span> <span class='ocrx_word' id='word_1_197' title='bbox 681 2920 796 2979; x_wconf 89' lang='lat' dir='ltr'>numina</span> <span class='ocrx_word' id='word_1_198' title='bbox 814 2918 955 2998; x_wconf 88' lang='lat' dir='ltr'>principis</span> <span class='ocrx_word' id='word_1_199' title='bbox 977 2916 1073 2978; x_wconf 88' lang='lat' dir='ltr'>adsint</span> <span class='ocrx_word' id='word_1_200' title='bbox 1090 2951 1132 2963; x_wconf 94' lang='lat'><em>-</em></span> 
     </span>
     <span class='ocr_line' id='line_1_31' title="bbox 208 3004 1209 3072; baseline -0.002 -7"><span class='ocrx_word' id='word_1_201' title='bbox 208 3004 326 3065; x_wconf 81' lang='lat' dir='ltr'>Cincius</span> <span class='ocrx_word' id='word_1_202' title='bbox 350 3014 382 3065; x_wconf 88' lang='lat' dir='ltr'>et</span> <span class='ocrx_word' id='word_1_203' title='bbox 400 3006 525 3065; x_wconf 89' lang='lat' dir='ltr'>unanimi</span> <span class='ocrx_word' id='word_1_204' title='bbox 544 3022 646 3065; x_wconf 87' lang='lat' dir='ltr'>cemes</span> <span class='ocrx_word' id='word_1_205' title='bbox 668 3004 836 3064; x_wconf 82' lang='lat' dir='ltr'>indefessus</span> <span class='ocrx_word' id='word_1_206' title='bbox 858 3004 957 3072; x_wconf 77' lang='lat' dir='ltr'>amici:</span> <span class='ocrx_word' id='word_1_207' title='bbox 1157 3010 1209 3064; x_wconf 77' lang='lat'>155</span> 
     </span>
     <span class='ocr_line' id='line_1_32' title="bbox 207 3086 1118 3168; baseline -0.005 -19"><span class='ocrx_word' id='word_1_208' title='bbox 207 3089 273 3163; x_wconf 81' lang='lat' dir='ltr'>Quo</span> <span class='ocrx_word' id='word_1_209' title='bbox 294 3089 420 3165; x_wconf 77' lang='lat' dir='ltr'>Pylades</span> <span class='ocrx_word' id='word_1_210' title='bbox 444 3108 483 3149; x_wconf 87' lang='lat' dir='ltr'>ex</span> <span class='ocrx_word' id='word_1_211' title='bbox 500 3106 584 3151; x_wconf 90' lang='lat' dir='ltr'>more</span> <span class='ocrx_word' id='word_1_212' title='bbox 605 3089 689 3168; x_wconf 88' lang='lat' dir='ltr'>pius,</span> <span class='ocrx_word' id='word_1_213' title='bbox 711 3105 770 3166; x_wconf 94' lang='lat' dir='ltr'>quo</span> <span class='ocrx_word' id='word_1_214' title='bbox 790 3086 928 3149; x_wconf 91' lang='lat' dir='ltr'>Dardana</span> <span class='ocrx_word' id='word_1_215' title='bbox 943 3086 1039 3164; x_wconf 84' lang='lat' dir='ltr'>gessit</span> <span class='ocrx_word' id='word_1_216' title='bbox 1114 3098 1118 3112; x_wconf 74' lang='grc'><strong>“</strong></span> 
     </span>
     <span class='ocr_line' id='line_1_33' title="bbox 207 3166 1073 3252; baseline -0.006 -18"><span class='ocrx_word' id='word_1_217' title='bbox 207 3166 520 3234; x_wconf 65' lang='lat' dir='ltr'>Bella&#39;lllenoetiades.</span> <span class='ocrx_word' id='word_1_218' title='bbox 562 3173 680 3252; x_wconf 81' lang='lat' dir='ltr'>Quippe</span> <span class='ocrx_word' id='word_1_219' title='bbox 702 3171 778 3233; x_wconf 87' lang='lat' dir='ltr'>haec</span> <span class='ocrx_word' id='word_1_220' title='bbox 797 3172 956 3233; x_wconf 89' lang='lat' dir='ltr'>concordia</span> <span class='ocrx_word' id='word_1_221' title='bbox 977 3170 1073 3248; x_wconf 91' lang='lat' dir='ltr'>nobis,</span> 
     </span>
     <span class='ocr_line' id='line_1_34' title="bbox 207 3256 1188 3338; baseline -0.003 -17"><span class='ocrx_word' id='word_1_222' title='bbox 207 3258 261 3321; x_wconf 88' lang='lat' dir='ltr'>llic</span> <span class='ocrx_word' id='word_1_223' title='bbox 282 3276 364 3318; x_wconf 92' lang='lat' dir='ltr'>amor</span> <span class='ocrx_word' id='word_1_224' title='bbox 383 3267 449 3329; x_wconf 89' lang='lat' dir='ltr'>est;</span> <span class='ocrx_word' id='word_1_225' title='bbox 473 3259 615 3338; x_wconf 86' lang='lat' dir='ltr'>duretque</span> <span class='ocrx_word' id='word_1_226' title='bbox 635 3256 759 3337; x_wconf 85' lang='lat' dir='ltr'>precor!</span> <span class='ocrx_word' id='word_1_227' title='bbox 782 3274 837 3317; x_wconf 91' lang='lat' dir='ltr'>nos</span> <span class='ocrx_word' id='word_1_228' title='bbox 856 3257 962 3317; x_wconf 84' lang='lat' dir='ltr'>fortior</span> <span class='ocrx_word' id='word_1_229' title='bbox 982 3265 1066 3325; x_wconf 86' lang='lat' dir='ltr'>aetas</span> <span class='ocrx_word' id='word_1_230' title='bbox 1186 3313 1188 3318; x_wconf 90' lang='lat'><em>.</em></span> 
     </span>
    </p>
   </div>
   <div class='ocr_carea' id='block_1_9' title="bbox 73 3326 1210 3767">
    <p class='ocr_par' dir='ltr' id='par_1_16' title="bbox 74 3326 1064 3423">
     <span class='ocr_line' id='line_1_35' title="bbox 74 3326 1064 3423; baseline -0.005 -18"><span class='ocrx_word' id='word_1_231' title='bbox 74 3392 77 3423; x_wconf 49' lang='lat'>2</span> <span class='ocrx_word' id='word_1_232' title='bbox 205 3343 265 3405; x_wconf 92' lang='lat' dir='ltr'>lam</span> <span class='ocrx_word' id='word_1_233' title='bbox 284 3342 372 3420; x_wconf 77' lang='lat' dir='ltr'>lugit3</span> <span class='ocrx_word' id='word_1_234' title='bbox 396 3344 464 3404; x_wconf 91' lang='lat' dir='ltr'>hinc</span> <span class='ocrx_word' id='word_1_235' title='bbox 483 3344 562 3405; x_wconf 82' lang='lat' dir='ltr'>votis</span> <span class='ocrx_word' id='word_1_236' title='bbox 585 3343 707 3405; x_wconf 88' lang='lat' dir='ltr'>animum</span> <span class='ocrx_word' id='word_1_237' title='bbox 729 3326 926 3421; x_wconf 85' lang='lat' dir='ltr'>precibusque</span> <span class='ocrx_word' id='word_1_238' title='bbox 947 3339 1064 3401; x_wconf 86' lang='lat' dir='ltr'>iuvabo.</span> 
     </span>
    </p>

    <p class='ocr_par' dir='ltr' id='par_1_17' title="bbox 73 3426 1210 3591">
     <span class='ocr_line' id='line_1_36' title="bbox 73 3426 1210 3507; baseline 0.001 -19"><span class='ocrx_word' id='word_1_239' title='bbox 73 3465 78 3499; x_wconf 52' lang='grc' dir='ltr'>,ι</span> <span class='ocrx_word' id='word_1_240' title='bbox 205 3428 260 3488; x_wconf 89' lang='lat' dir='ltr'>llei</span> <span class='ocrx_word' id='word_1_241' title='bbox 280 3428 365 3503; x_wconf 87' lang='lat' dir='ltr'>milri,</span> <span class='ocrx_word' id='word_1_242' title='bbox 389 3427 443 3488; x_wconf 86' lang='lat' dir='ltr'>sed</span> <span class='ocrx_word' id='word_1_243' title='bbox 464 3438 569 3494; x_wconf 81' lang='lat' dir='ltr'>coetus</span> <span class='ocrx_word' id='word_1_244' title='bbox 585 3427 689 3490; x_wconf 88' lang='lat' dir='ltr'>solitos</span> <span class='ocrx_word' id='word_1_245' title='bbox 709 3428 734 3487; x_wconf 89' lang='lat' dir='ltr'>si</span> <span class='ocrx_word' id='word_1_246' title='bbox 755 3426 835 3507; x_wconf 79' lang='lat' dir='ltr'>forte</span> <span class='ocrx_word' id='word_1_247' title='bbox 856 3426 954 3502; x_wconf 91' lang='lat' dir='ltr'>ciebo,</span> <span class='ocrx_word' id='word_1_248' title='bbox 1158 3433 1210 3497; x_wconf 76' lang='lat'>160</span> 
     </span>
     <span class='ocr_line' id='line_1_37' title="bbox 77 3511 955 3591; baseline 0.005 -19"><span class='ocrx_word' id='word_1_249' title='bbox 77 3585 78 3591; x_wconf 7' lang='grc' dir='ltr'>ἵ</span> <span class='ocrx_word' id='word_1_250' title='bbox 205 3511 243 3573; x_wconf 88' lang='lat' dir='ltr'>Et</span> <span class='ocrx_word' id='word_1_251' title='bbox 262 3530 329 3573; x_wconf 93' lang='lat' dir='ltr'>mea</span> <span class='ocrx_word' id='word_1_252' title='bbox 348 3511 484 3573; x_wconf 88' lang='lat' dir='ltr'>Romulei</span> <span class='ocrx_word' id='word_1_253' title='bbox 504 3514 623 3577; x_wconf 86' lang='lat' dir='ltr'>venient</span> <span class='ocrx_word' id='word_1_254' title='bbox 641 3512 678 3573; x_wconf 89' lang='lat' dir='ltr'>ad</span> <span class='ocrx_word' id='word_1_255' title='bbox 699 3513 955 3591; x_wconf 62' lang='lat' dir='ltr'>corrumperes,</span> 
     </span>
    </p>

    <p class='ocr_par' dir='ltr' id='par_1_18' title="bbox 73 3593 1062 3677">
     <span class='ocr_line' id='line_1_38' title="bbox 73 3593 1062 3677; baseline 0 -20"><span class='ocrx_word' id='word_1_256' title='bbox 73 3603 78 3631; x_wconf 65' lang='lat'>³¹</span> <span class='ocrx_word' id='word_1_257' title='bbox 206 3596 250 3657; x_wconf 79' lang='lat' dir='ltr'>l&#39;u</span> <span class='ocrx_word' id='word_1_258' title='bbox 273 3597 389 3675; x_wconf 89' lang='lat' dir='ltr'>deeris,</span> <span class='ocrx_word' id='word_1_259' title='bbox 412 3593 563 3677; x_wconf 79' lang='lat' dir='ltr'>Crispine,</span> <span class='ocrx_word' id='word_1_260' title='bbox 588 3594 674 3673; x_wconf 84' lang='lat' dir='ltr'>milri,</span> <span class='ocrx_word' id='word_1_261' title='bbox 700 3613 870 3675; x_wconf 84' lang='lat' dir='ltr'>cuneosque</span> <span class='ocrx_word' id='word_1_262' title='bbox 888 3612 1062 3674; x_wconf 88' lang='lat' dir='ltr'>peromues</span> 
     </span>
    </p>

    <p class='ocr_par' dir='ltr' id='par_1_19' title="bbox 74 3680 967 3767">
     <span class='ocr_line' id='line_1_39' title="bbox 74 3680 967 3767; baseline -0.002 -25"><span class='ocrx_word' id='word_1_263' title='bbox 74 3692 77 3766; x_wconf 56' lang='lat'>&#39;3</span> <span class='ocrx_word' id='word_1_264' title='bbox 202 3680 249 3743; x_wconf 69' lang='lat' dir='ltr'>lle</span> <span class='ocrx_word' id='word_1_265' title='bbox 269 3700 351 3743; x_wconf 90' lang='lat' dir='ltr'>meus</span> <span class='ocrx_word' id='word_1_266' title='bbox 373 3680 802 3767; x_wconf 72' lang='lat' dir='ltr'>absentemeircuruspectnbit</span> <span class='ocrx_word' id='word_1_267' title='bbox 822 3680 967 3745; x_wconf 79' lang='lat' dir='ltr'>Achilles.</span> 
     </span>
    </p>
   </div>
   <div class='ocr_carea' id='block_1_10' title="bbox 0 0 1426 4300">
    <p class='ocr_par' dir='ltr' id='par_1_20' title="bbox 0 0 1426 4300">
     <span class='ocr_line' id='line_1_40' title="bbox 0 0 1426 4300; baseline 0 1"><span class='ocrx_word' id='word_1_268' title='bbox 0 0 1426 4300; x_wconf 95' lang='lat' dir='ltr'> </span> 
     </span>
    </p>
   </div>
  </div>
 </body>
</html>
