2842 4300
515 351 694 432 stanneum
712 383 747 433 n.
769 384 802 432 v.

155 533 300 618 Numquid
318 535 473 600 inaccesso
496 539 582 618 posui
602 539 840 618 uestigialueu?

153 621 229 683 Num
249 623 341 682 vetito
361 621 398 684 ds
420 621 502 682 iente
523 621 607 684 bibil
630 623 714 698 Quae
733 625 838 704 eulpa,
860 626 1038 704 quiscum,

155 707 249 782 Quem
271 705 375 766 luimus
397 708 484 768 tantis
503 706 712 770 moeroribus?
736 708 821 772 Ecce
843 709 963 770 lacertis

154 791 280 851 Viscera
301 799 400 852 nostra
424 800 528 852 teneus
550 793 732 872 animamque
754 793 890 856 avellitur
911 793 1017 868 inians,

153 875 221 937 Non
240 875 277 936 de
299 876 391 955 stirpe
413 875 545 954 quidem,
567 895 624 940 nec
645 880 694 958 qui
717 896 783 940 mea
804 879 920 939 nomina
937 878 1033 938 ferret
1127 891 1161 953 lc

154 959 291 1040 Oraque;
314 977 372 1020 non
393 959 505 1022 ineram
525 963 660 1039 genitor,
684 962 738 1024 sed
759 963 871 1025 cernite
893 961 979 1022 lletus

151 1044 351 1123 Liventesque
369 1062 464 1122 genas
481 1055 515 1105 et
536 1046 649 1108 credite
672 1046 838 1127 planctibus
861 1045 947 1106 orbi:

153 1127 250 1188 Orbus
273 1145 341 1206 ego.
360 1128 448 1198 ,lluc
468 1139 568 1208 patres
590 1140 619 1191 et
641 1140 746 1210 apertu
769 1140 892 1211 pectere
914 1140 1022 1190 matres

153 1210 354 1290 conveniant,
375 1214 551 1293 cineresque
574 1215 669 1276 oculis
692 1224 723 1276 et
745 1217 873 1278 earmina
891 1214 977 1276 ferte.

153 1298 185 1358 Si
207 1315 265 1376 qua
287 1296 341 1356 sub
364 1296 502 1358 uberibus
522 1299 619 1378 plenis
641 1297 798 1360 adiuuem
819 1308 905 1360 natos

151 1380 221 1460 lpsa
243 1381 336 1460 gradu
357 1380 475 1442 labente
496 1383 562 1444 tulit
582 1381 784 1463 madidumque
806 1382 915 1444 cecidit

151 1465 260 1526 Pectus
282 1474 311 1525 et
333 1466 476 1527 ardentes·
489 1469 625 1528 restinxit
644 1468 722 1528 lacte
743 1467 876 1534 favillas:

110 1618 115 1628 ff
152 1549 292 1628 Quisquis
311 1549 405 1612 adbuc
428 1559 549 1612 tenerae
570 1551 715 1629 signatum
734 1551 810 1612 dure
830 1553 965 1613 iuventae
1051 1621 1055 1626 g

151 1633 287 1695 inmersit
309 1634 400 1694 cineri
422 1636 556 1695 iuvenem
578 1638 730 1715 primaque
751 1636 874 1698 iacentis

73 1766 76 1772 r
151 1719 283 1797 Serpere
304 1717 442 1780 crudeles
462 1718 533 1779 vidit
555 1719 691 1798 lanugine
713 1720 853 1795 dammas,

152 1802 238 1864 Adsit
259 1811 289 1862 et
308 1802 421 1864 alterno
442 1821 557 1864 mecum
578 1804 708 1866 clamore
729 1805 860 1866 fatiscat:

149 1885 292 1947 Vincetur
311 1887 457 1964 lacrimis,
478 1896 507 1948 et
526 1897 576 1965 te,
599 1899 717 1966 natura,
739 1889 871 1968 pudebit.

151 1970 243 2032 'lanta
262 1971 330 2031 milri
351 1971 470 2048 lenitas,
492 1979 571 2034 tanta
594 1982 640 2033 est
661 1974 772 2034 insania
792 1973 898 2033 luctus.

214 2054 279 2116 lice
301 2072 419 2134 quoque
441 2057 506 2118 dum
528 2057 620 2133 nitor,
642 2066 690 2118 ter
706 2057 786 2118 dena
809 2057 876 2118 luce
896 2065 1016 2134 peracta

148 2139 282 2201 declinis
303 2141 414 2201 tumulo
436 2141 532 2201 luctus
553 2141 582 2201 in
603 2142 850 2217 carminaverit),

148 2223 372 2303 Discordesque
394 2224 498 2284 modos
520 2232 550 2285 et
571 2224 756 2301 singultantia
778 2224 871 2283 verba

149 2308 267 2369 llolicr.
313 2308 387 2379 Orsa
409 2305 473 2348 *·**
495 2317 555 2367 est:
580 2317 668 2387 atque
688 2311 732 2369 ira
752 2307 870 2369 tacendi

148 2394 307 2473 lupatiens.
350 2392 410 2453 Sed
430 2410 487 2452 uec
505 2392 613 2459 solitae
635 2394 703 2455 mibi
725 2395 838 2455 vertice
857 2391 968 2466 laurus,

148 2477 214 2539 Nec
235 2478 324 2537 fronti
342 2478 460 2539 vittatus
478 2476 583 2539 henes.
624 2474 668 2537 En
684 2488 777 2541 »taxea
796 2485 910 2539 marcet

148 2563 229 2624 Silva
254 2562 360 2637 comis,
385 2561 553 2641 hilaresque
575 2561 710 2624 bedenas-
725 2562 840 2642 plorata
862 2578 1019 2641 cupressus
1119 2570 1157 2641 30

149 2646 288 2707 Excludit
309 2646 414 2715 ramis;
435 2646 541 2723 ignavo
565 2646 676 2725 pollice
696 2646 822 2707 cburdas
952 2656 955 2661 ’

149 2731 255 2807 Pulso,
280 2730 333 2790 sed
354 2732 495 2791 incertum
518 2730 615 2806 digitis
636 2730 799 2791 errantibus
817 2748 917 2791 amens

148 2816 258 2875 Sciudc
278 2814 394 2891 chelyn.
439 2813 521 2875 luvet
542 2812 617 2891 beu,
639 2816 721 2875 iuvat
741 2814 918 2875 inlaudabile
939 2832 1057 2889 carmen
1087 2818 1111 2889 ζῆ,

147 2898 284 2960 Fundere
306 2907 335 2958 et
356 2900 505 2978 incompte
522 2898 659 2959 miserum
682 2899 801 2959 laudare
822 2898 966 2961 dolorem.

147 2985 198 3045 Sic
216 2985 323 3060 merui,
347 2984 390 3043 sic
411 3001 463 3043 me
481 2991 624 3062 cantuque
644 2982 804 3063 habituque
827 2983 970 3054 nefastum
1119 2992 1153 3045 35

145 3067 320 3147 Adspiciunt
342 3068 451 3146 superi.
494 3067 605 3131 Pudeat
627 3066 804 3147 Thebasque
818 3084 990 3145 novumque

146 3152 318 3228 Aeaciden,
341 3151 381 3211 uil
403 3153 460 3213 iam
481 3152 620 3231 placitum
640 3152 768 3213 manabit
786 3151 822 3211 ab
845 3169 908 3211 cre.

210 3234 266 3295 llle
288 3253 362 3313 ego,
386 3238 435 3315 qui
457 3238 565 3297 totiens
586 3236 709 3297 blandus
728 3244 910 3314 matrumque
933 3245 1104 3315 patrumque

145 3319 293 3397 Vulnera,
316 3322 365 3400 qui
388 3322 473 3381 vivos
495 3323 577 3399 potui
598 3322 729 3395 mulcere
748 3320 883 3389 dolorem

144 3404 201 3466 llle
222 3422 280 3483 ego
303 3405 452 3483 lugentum
471 3407 547 3467 mitis
567 3406 695 3483 solator,
717 3405 836 3469 acerbis
1118 3415 1154 3467 40

144 3488 271 3549 Auditus
292 3489 408 3549 tumulis
434 3498 466 3551 et
481 3490 731 3557 descendentibus
754 3490 873 3566 umbris,
914 3563 918 3569 Δ

144 3572 262 3633 Deliciu
281 3574 471 3655 medicaeque
490 3592 590 3636 manus
613 3576 801 3653 iumentaque
823 3587 934 3653 quaero
980 3575 983 3582 '

144 3656 340 3737 Vulneribus,
365 3676 441 3742 quae
461 3661 588 3739 summa,
610 3662 697 3723 meis„
738 3658 822 3720 Nunc
845 3667 987 3800 tempu}
1004 3656 1098 3730 amici,
