2842 4300
468 388 668 439 rauenmos
690 389 761 437 nra.
783 389 832 437 ιιι.
1092 374 1155 439 239

153 546 238 607 Nunc
258 544 335 626 pede
354 555 454 607 torvus
476 546 605 623 humum,
627 562 703 607 nunc
718 545 854 607 cornibus
868 562 937 606 aera
951 542 1076 611 findens:
1104 556 1157 610 255

153 631 262 693 Horret
284 650 372 710 ager,
394 632 586 711 trepidaeque
607 640 767 711 expectant
789 630 903 710 proelia
921 630 1027 690 ualles.

217 714 282 777 Nec
302 716 405 777 desunt
426 717 490 793 regi
513 718 651 776 comites:
684 716 792 792 ‘Sine,
814 716 929 775 moenia
951 716 1049 794 pulset

154 800 274 870 inritum
303 801 355 861 ille
376 810 471 861 autem
493 801 593 861 fractis
615 800 671 861 huc
693 801 800 861 audeat
819 817 912 878 usque

154 876 294 946 Viribus?
315 887 362 947 lric
383 886 498 946 miseris
517 886 599 945 furor
620 894 667 945 est
687 886 797 946 instare
819 885 946 964 periclo,

155 970 220 1031 Nec
239 970 348 1031 librare
370 979 464 1030 metus
486 978 516 1029 et
538 978 598 1030 tuta
621 969 735 1038 odisse;
757 971 865 1029 resiste
1104 981 1157 1034 260

156 1054 221 1115 Hoc
240 1055 334 1115 fretus
354 1056 447 1131 solio,
472 1070 526 1115 nos
549 1054 783 1133 propulsabimus
804 1054 929 1113 bostem.

155 1140 217 1200 llos
238 1140 352 1201 bellare
373 1139 464 1201 iube.’
506 1140 557 1200 Sic
577 1141 710 1218 proxima
729 1138 829 1215 turba,
852 1140 906 1199 sed
928 1140 1034 1201 ardens

155 1224 236 1285 Ecce
258 1223 359 1285 aderat
380 1224 459 1286 luctu
480 1224 667 1303 dicturusque
691 1225 786 1284 omnia
806 1224 878 1283 belli

155 1308 303 1370 Libertate
327 1306 441 1379 Creon3
462 1310 520 1369 urit
540 1308 604 1369 iera
626 1308 715 1369 corda
736 1307 929 1377 Henoeceus;

156 1393 243 1455 Nulla
265 1396 339 1476 patri
359 1395 493 1473 requies,
516 1394 596 1454 illum
614 1394 786 1472 quaeritque
803 1402 950 1473 tenetque.
1104 1403 1156 1457 265

156 1478 240 1539 Illum
262 1480 439 1557 sanguineos
460 1478 633 1558 preliantem
654 1487 778 1557 pectore
798 1479 879 1538 rivos

157 1563 292 1642 Adspicit
313 1572 344 1623 et
364 1582 453 1624 saeva
475 1580 593 1643 semper
611 1562 648 1623 de
670 1572 751 1623 turre
769 1563 932 1623 cadentem.

160 1646 196 1709 Ut
218 1647 333 1709 dubium
356 1657 386 1708 et
407 1660 519 1728 pugnas
541 1655 725 1709 cunctantem
743 1645 887 1708 Eteoclea
907 1649 992 1709 vidit:

223 1732 318 1811 ‘lbis,
340 1734 395 1809 ait,
421 1750 518 1812 neque
539 1741 569 1792 te
585 1732 729 1808 ulterius,
751 1731 930 1811 fratrumque
951 1733 1114 1808 ducumque

156 1818 303 1893 Pessime,
325 1816 476 1877 funeribus
497 1818 609 1895 patriae
631 1817 816 1896 lacrimisque
835 1818 968 1896 potitum,
1104 1820 1157 1877 tio
1226 1812 1230 1822 “

156 1895 346 1963 Eumenidum
367 1901 498 1980 bellique
522 1918 604 1961 reum
625 1902 769 1981 patiemur
788 1902 879 1961 inulti.

142 1988 210 2048 'Sat
231 1996 280 2047 tua
300 2004 358 2046 non
377 1988 480 2065 aequis
499 1985 602 2046 luimus
624 1987 751 2065 periuria
771 1985 855 2046 divis.

156 2070 267 2133 Urbem
287 2073 373 2132 armis
395 2070 558 2149 opibusque
579 2088 699 2147 gravem
722 2080 753 2131 et
771 2071 859 2131 modo
880 2069 992 2131 civibus
1010 2077 1128 2145 arctam,
1195 2144 1198 2149 Ι

158 2154 221 2218 Ceu
243 2157 330 2218 coelo
353 2157 478 2217 demissa
501 2157 566 2217 lues
586 2157 738 2216 inimicave
758 2157 846 2216 tellus

156 2241 299 2319 Hausisti,
321 2259 501 2319 vacuamque
523 2250 620 2301 tamen
640 2240 771 2302 sublimis
792 2238 970 2302 obumbras?
1104 2245 1157 2301 275

157 2325 250 2386 Deest
273 2327 394 2387 servitio
416 2326 535 2405 plebes;
559 2325 614 2386 hos
634 2325 710 2404 ignis
729 2335 853 2403 egentes
916 2367 919 2371 ›

157 2410 227 2471 Fert
248 2411 365 2487 humus,
388 2410 443 2470 lros
463 2411 572 2490 pelago
596 2413 705 2490 patrius
727 2412 784 2472 iam
805 2411 907 2471 detulit
928 2411 1028 2471 amnis.

157 2494 194 2554 Hi
215 2505 356 2575 quaerunt
377 2505 472 2572 artus,
493 2495 537 2556 illi
558 2496 646 2556 ardua
667 2495 789 2556 vulnera
811 2504 922 2556 curant.

157 2579 262 2640 Redde
284 2581 408 2658 agedum
429 2583 543 2641 miseris
562 2581 668 2642 iratres
690 2590 834 2659 natosque
859 2589 1030 2660 patresque,

158 2664 262 2725 Redde
283 2667 360 2725 arvis
381 2666 572 2746 domibusque
586 2667 677 2726 viros.
714 2665 771 2726 Ubi
785 2666 923 2725 maximus
937 2665 1073 2744 Hypseus
1105 2673 1158 2728 280

156 2748 364 2828 Finitimusque
384 2747 501 2826 Dryas?
523 2750 572 2810 ubi
592 2749 738 2810 Phocidos
759 2767 837 2809 arma
860 2765 987 2810 sonorae

156 2832 340 2913 Euboicique
361 2833 474 2896 duces?
511 2833 583 2894 lllos
604 2843 700 2896 tamen
722 2851 816 2912 aequa
836 2833 926 2894 duelli

158 2919 232 2978 Sors
253 2919 317 2978 tulit
337 2920 373 2980 ad
395 2918 511 2980 Manes:
534 2928 564 2979 at
584 2928 631 2996 tu,
654 2918 760 2999 pudet!
783 2918 879 2979 lrostia
900 2919 995 2996 regni,

156 3002 276 3080 Hostia,
297 3013 380 3080 nate,
402 3005 483 3064 iaces
503 3021 558 3064 ceu
576 3013 670 3064 mutus
689 3013 720 3064 et
741 3021 758 3063 e
778 3021 873 3081 grege
895 3005 1022 3082 sangnis.

156 3086 213 3147 Hei
231 3087 299 3147 milri
318 3089 449 3166 primitiis
471 3105 615 3149 armorum
633 3098 663 3149 et
680 3091 737 3148 rite
758 3087 874 3148 nefasto
1105 3095 1158 3149 285

155 3170 275 3232 Libatus
295 3173 450 3252 iussusque
468 3175 558 3251 mori,
582 3183 612 3234 et
633 3171 814 3234 cunctabitur
834 3172 910 3233 ultra

157 3253 242 3317 lstel
269 3275 326 3317 nec
347 3257 471 3319 adverso
492 3277 569 3319 nunc
589 3259 691 3320 saltem
713 3257 807 3318 Marte
827 3266 949 3318 vocatus

158 3338 274 3402 Stabit?
296 3358 332 3402 an
353 3343 382 3401 in
404 3361 517 3421 pugnas
539 3343 625 3404 aliurn
647 3343 729 3404 iubet
748 3343 792 3402 ire
814 3343 954 3422 profanus

158 3422 312 3486 Tiresias?
336 3427 499 3506 iterumque
521 3445 604 3488 meos
623 3427 742 3488 oracula
762 3429 853 3488 nectit
973 3467 977 3474 ·

156 3509 190 3570 ln
210 3507 358 3588 gemitus?
386 3511 454 3590 quid
476 3514 551 3574 enirn
570 3514 677 3573 misero
700 3529 790 3590 super
811 3512 912 3572 unicus
932 3507 1084 3571 Haemon?
1105 3519 1158 3575 290

155 3593 212 3656 llle
233 3593 301 3654 iube
323 3594 443 3673 subeat,
465 3605 553 3676 tuque
574 3597 641 3658 binc
665 3605 816 3678 spectator
834 3596 871 3656 ab
890 3596 948 3657 alta

157 3679 252 3742 Turre
273 3679 361 3753 sede;
385 3681 454 3762 qaid
472 3699 561 3746 saeva
578 3683 695 3764 tremis,
718 3681 910 3762 famulamque
930 3679 1081 3744 cohortem
