2842 4300
458 417 461 422 '
563 405 741 456 tintinnum
762 405 795 453 In.
817 407 851 454 V.

212 558 352 622 Dixerit?
393 561 454 622 llac
473 563 577 623 merito
593 563 661 622 visa
684 561 795 641 pietate
814 562 906 621 mariti

214 646 348 707 Protinus
370 648 536 724 exclames,
563 656 609 706 est
630 645 694 723 hio,
721 663 867 724 agnosco,
889 645 1018 706 minister
1067 676 1074 685 ·
1116 679 1120 694 ι
1156 669 1166 698 x

214 730 313 807 lilius,
338 741 477 792 aeternae
496 731 584 792 modo
604 732 652 809 qui
674 733 803 792 sacraria
822 731 904 809 genti
1110 756 1120 775 e
1164 741 1219 793 tto

216 814 349 877 Condidit
367 819 454 896 inque
474 817 531 877 alio
553 817 653 896 posuit
671 833 724 877 sua
744 816 841 876 sidera
863 815 960 875 coelo.

272 903 323 962 Sic
344 902 396 961 nbi
414 919 520 983 ¹magna
541 916 647 962 novum
668 901 773 962 Phario
799 901 836 962 de
859 901 945 960 litore
966 901 1075 978 puppis
1092 923 1104 941 ··
1120 923 1135 947 v·
1150 915 1173 941 υ
1188 910 1206 954 ’,

212 986 307 1049 Solvit
328 988 384 1046 iter
407 987 521 1065 iamque
542 988 710 1048 innumeros
728 988 872 1065 utrimque
892 985 1031 1046 rudentes
1063 1007 1076 1033 .·
1121 997 1126 1028 t
1204 989 1220 1036 'r

75 1064 77 1081 '
164 1088 174 1098 ’
209 1071 339 1150 betaque
361 1071 477 1132 veliferi
499 1073 632 1151 porrexit
653 1071 772 1131 brachia
794 1070 861 1130 mali

210 1155 377 1235 invasitque
398 1158 479 1234 vias,
503 1159 533 1216 in
555 1157 660 1217 eodem
682 1165 805 1233 angusta
819 1155 965 1234 phaselus
1064 1175 1087 1207 υ
1129 1113 1212 1216 [asu

115 1276 121 1284 »
211 1241 353 1321 Aequore
377 1250 406 1302 et
427 1241 549 1302 inmensi
569 1250 683 1321 partem
702 1241 760 1301 sibi
779 1240 907 1302 vindicat
929 1238 1027 1300 austri.

273 1325 349 1400 Quid
364 1345 440 1387 nnnc
462 1326 639 1403 inmodicos,
662 1327 798 1386 iuvenum
820 1325 999 1398 lectissime,
1020 1321 1106 1382 dctus
1129 1347 1144 1376 ·.
1170 1352 1188 1370 ·-
1205 1341 1218 1359 ··

212 1410 310 1472 Corde
331 1410 417 1471 iores
437 1411 626 1490 longumque·
636 1420 721 1471 vetas
744 1411 826 1470 exire
848 1405 1004 1470 dolorem?
1187 1427 1191 1432 ·

210 1495 324 1575 Nempe
346 1498 448 1572 times,
470 1515 507 1556 ne
531 1494 700 1557 Cerbereos
722 1495 855 1556 Priscilla
875 1495 1026 1554 tremiscat
1118 1509 1127 1540 ι’
1188 1519 1211 1535 ··

209 1577 364 1642 Latratus?
406 1581 498 1642 'lacet
517 1581 570 1642 illc
587 1583 662 1661 piis,
685 1599 722 1640 ne
744 1579 855 1640 tardior
876 1578 952 1640 adsit
1097 1602 1101 1608 ·
1141 1579 1218 1641 anuo

157 1684 160 1690 ·
208 1667 312 1728 Navita
334 1665 544 1746 proturbetque
564 1663 667 1728 vadis?
710 1665 800 1725 Vehit
815 1665 868 1725 ille
889 1671 1040 1724 merentes
1094 1671 1099 1692 ²
1148 1680 1193 1712 q·

209 1751 343 1812 Protinus
366 1761 396 1811 et
415 1769 516 1810 manes
537 1752 671 1830 placidus
691 1751 771 1812 locat
789 1750 906 1830 hospite
919 1748 1045 1824 'cymbas

209 1836 384 1911 Praeterea,
408 1837 432 1894 si
453 1837 567 1913 qnando
585 1839 635 1915 pio
656 1836 772 1898 laudata
793 1837 896 1896 marito
1181 1852 1217 1902 ῳ

209 1919 318 1980 Umbra
336 1921 432 1994 venit,
453 1919 534 1978 iubet
555 1922 599 1979 ire
619 1921 704 1981 iaces
726 1920 902 1998 Proserpina
920 1917 1025 1994 laetas,
1161 1943 1165 1950 ·
1206 1921 1212 1935 '

209 2002 417 2082 digressusque
439 2004 531 2062 sacris
551 2013 672 2064 veteres
692 2003 831 2064 heroidas
852 2003 943 2063 antris

184 2085 186 2089 ’
208 2087 327 2148 Lumine
350 2103 499 2167 purpureo
521 2089 621 2147 tristes
643 2088 744 2148 laxare
766 2086 903 2146 tenebras

210 2176 355 2252 Sertaque
377 2181 408 2232 et
430 2170 541 2248 elysios
563 2175 675 2235 animae
696 2172 905 2251 praesternere
927 2172 1027 2231 liores.

209 2260 260 2321 Sic
279 2276 379 2318 manes
401 2256 534 2319 Priscilla
555 2258 646 2327 subit;
668 2258 721 2318 uhi
739 2257 875 2336 ,supplice
898 2256 1002 2326 dextra
1073 2257 1077 2265 '

209 2343 265 2404 Pro
284 2352 314 2403 te
332 2343 392 2404 iata
414 2350 517 2419 rogat,
536 2361 626 2421 reges
646 2343 700 2403 tihi
721 2344 811 2403 tristis
833 2341 943 2403 Averni

208 2428 325 2504 Flebat,
347 2437 378 2488 ut
400 2427 527 2507 expletis
545 2428 659 2489 humani
680 2428 784 2487 linibus
804 2428 871 2487 aevi

207 2513 362 2575 Pacantern
379 2522 475 2574 terras
496 2512 639 2573 dominnm
658 2515 851 2592 iuvenemque
870 2512 1020 2591 relinquas

202 2596 275 2677 'lpse
293 2598 401 2659 senex!
437 2595 545 2660 cenae
566 2599 660 2659 iurant
679 2600 708 2657 in
726 2607 795 2657 vota
817 2614 948 2657 sorores.

377 2756 418 2806 ΙΙ.
445 2755 743 2824 ΡΒΟΤΒΕΡΤΙΟΟΝ
756 2755 807 2805 AD
824 2752 1041 2805 CRISPINUM.

270 2849 348 2911 Rura
369 2868 452 2911 meus
471 2850 623 2925 Tyrrhena
645 2851 719 2929 petit
734 2850 890 2929 saltusque
912 2848 1032 2925 Tagetis

207 2933 375 3014 Crispinum
398 2954 455 2995 nec
474 2935 564 3012 longa
584 2952 665 2995 mora
687 2944 733 2994 est
755 2944 804 2995 aut
824 2936 889 2994 avia
904 2933 1014 3001 tellus:

205 3017 245 3079 Et
264 3038 330 3081 mea
352 3029 469 3081 secreto
490 3020 638 3080 velluntur
656 3028 779 3098 pectora
800 3034 910 3093 morsu,

207 3104 328 3183 lldaque
349 3114 501 3182 turgentes
522 3104 665 3183 inpellunt
686 3103 791 3163 lumina
814 3112 921 3181 guttas,

207 3186 270 3248 Gen
292 3207 381 3267 super
401 3189 522 3267 Aegeas
541 3189 653 3249 hiemes
673 3188 808 3249 abeuntis
828 3188 912 3247 amici
1192 3196 1209 3251 b

205 3271 282 3332 Vela
298 3291 405 3353 sequar
423 3283 614 3358 spectemque
635 3283 728 3334 ratem
749 3276 805 3333 iarn
822 3273 920 3333 lessus
942 3270 979 3333 ab
998 3272 1065 3334 altis
1168 3282 1171 3292 '

204 3355 338 3436 Rupibus
360 3367 447 3436 atque
470 3359 576 3419 oculos
597 3360 687 3436 longo
709 3376 816 3437 querar
837 3374 907 3418 aere
927 3358 1039 3418 utnon
1066 3396 1068 3409 .
1121 3385 1126 3393 ¹

272 3439 358 3528 Quod
375 3444 400 3503 si
421 3443 538 3504 militiae
561 3446 618 3504 iam
639 3453 686 3520 te,
708 3462 782 3523 puer
802 3443 918 3518 inclite,
939 3444 1049 3522 prime
1093 3492 1096 3497 ,
1158 3462 1173 3473 ’·

205 3525 473 3610 Clara‘rudimenta
493 3538 524 3589 et
542 3538 706 3589 ⁴castrorum
729 3530 816 3589 dnloe
835 3537 958 3589 vocaret

204 3611 390 3690 Auspicium,
414 3622 521 3691 quanto
539 3624 695 3683 manarent
708 3614 814 3692 gandia
832 3612 909 3673 detu-
978 3634 980 3642 ⁸
1012 3632 1014 3637 ’
1100 3664 1103 3667 .
1135 3660 1138 3665 2
1168 3622 1209 3677 ·10

205 3697 326 3773 Quosve
348 3696 447 3759 darem
465 3698 636 3777 amplexusl·
653 3697 786 3760 Etiamne
807 3699 933 3778 optanda
952 3698 1124 3778 propinquis
