2842 4300
584 221 602 264 t

257 371 299 431 so
589 383 621 432 n.
644 381 777 432 naemu
798 381 914 433 sanun
938 361 940 368 '

259 539 353 601 Fusus
367 538 460 616 ,tuno
481 537 579 619 gelida
595 549 708 621 purtem
724 540 807 620 prior
828 538 938 620 lmspes
957 538 1094 600 nubebat.
1193 561 1196 570 ·

258 624 314 685 llic
334 642 407 684 vero
429 621 567 686 embolim
587 625 698 686 rabiem
716 625 831 686 fortuna
853 633 999 685 cruentam

260 709 378 778 Attulit;
401 709 476 770 lraud
493 712 575 790 passi
595 712 685 771 sociis
704 709 864 772 defendere
884 719 999 770 noctem

261 793 451 871 Culminibus,
473 795 588 875 paulum
607 796 728 856 alternis
746 797 778 855 in
794 793 886 856 rerba
905 796 1053 874 minasque

261 878 450 949 Cunctantem
470 896 540 940 mox
554 889 589 940 ut
607 881 692 940 iactis
714 879 896 940 sermonibus
917 881 977 940 irae

258 964 421 1024 Intumuere
443 966 529 1041 satie,
551 975 610 1025 tum
628 979 703 1025 rero
726 973 843 1025 erectus
865 973 988 1043 uterque

257 1048 400 1109 Exertare
423 1049 558 1110 humeros
576 1050 740 1128 nudemque
760 1050 909 1110 lacessere
926 1065 1060 1127 pugnarn.

260 1131 377 1193 Celsior
396 1134 447 1194 ille
466 1135 557 1211 gradu
576 1151 702 1214 procera
723 1136 754 1194 in
774 1133 901 1194 membra
923 1134 1063 1212 simulque

259 1217 378 1295 Integer
399 1228 551 1296 ennom,
572 1217 627 1280 sed
650 1235 708 1280 non
724 1229 756 1280 et
775 1218 885 1278 viribus
906 1218 980 1278 inira

261 1302 361 1379 Tydea
381 1303 439 1363 lert
459 1305 584 1381 animas,
607 1313 746 1384 totosque
763 1303 856 1363 inorsa
877 1319 931 1383 per
947 1312 1029 1363 antus

258 1387 352 1448 Maior
373 1389 401 1446 in
422 1389 528 1466 exiguo
548 1388 690 1467 regnabat
710 1403 837 1468 corpore
858 1389 958 1448 virtus.

259 1472 320 1532 lam
340 1472 463 1532 crebros
483 1475 557 1533 ictus
579 1491 631 1535 ora
652 1483 682 1533 et
701 1489 773 1534 cers
792 1483 924 1552 tempora
946 1473 1054 1532 circum

260 1555 365 1615 Obnixi
384 1559 572 1635 ingeminant,
595 1559 720 1619 telorum
738 1567 786 1618 aut
813 1558 960 1636 grandinis
978 1559 1067 1618 instar

260 1639 429 1719 eripheae,
451 1642 588 1722 llexoque
610 1659 801 1722 gennuaeua
821 1643 869 1702 ilia
889 1642 1017 1702 tundunt.

258 1723 326 1784 Non
347 1725 432 1784 aliter
452 1743 536 1804 quarn
556 1728 661 1788 Pisaeo
682 1741 735 1788 sua
755 1727 845 1788 lustra
865 1725 986 1788 Tonanti

261 1807 356 1882 Quum
376 1809 498 1869 redeunt
518 1811 672 1890 crudisque
693 1809 786 1870 uirum
807 1811 962 1872 sudoribus
983 1811 1066 1871 ardet

259 1891 375 1953 Pulvis:
398 1902 427 1954 at
449 1892 516 1954 hinc
534 1904 654 1956 teneros
674 1911 784 1955 caveae
805 1896 955 1955 dissensus
978 1895 1110 1973 ephebos

261 1975 411 2054 Concitet,
435 1979 632 2058 exclusaeque
653 1989 811 2058 expectant
830 1981 960 2058 praemia
976 1989 1092 2040 matres.

261 2062 312 2122 Sic
334 2061 449 2122 alacres
471 2063 539 2123 odio
559 2063 697 2144 nullaque
720 2061 853 2142 cupidine
877 2063 969 2123 laudis

261 2145 390 2207 Accensi
411 2147 573 2224 incurrunt,
594 2158 739 2210 scrutatur
761 2157 791 2208 et
812 2147 907 2209 intima
927 2147 1024 2208 vultum
1154 2166 1160 2179 ·

261 2230 344 2292 Unca
361 2249 461 2291 manus
482 2233 656 2312 penitusque
675 2234 770 2294 oculis
790 2233 962 2293 cedentibus
982 2233 1076 2293 instat.

260 2313 375 2375 ¹Forsan
396 2325 425 2375 et
445 2317 594 2377 accinctos
615 2314 715 2390 lateri,
738 2318 781 2376 sic
802 2318 844 2377 ira
866 2316 991 2392 ierebat,

260 2398 426 2459 Nudassent
448 2418 552 2476 enses,
576 2399 738 2479 meliusque
759 2400 912 2461 hostilibus
934 2404 1021 2462 armis

260 2483 417 2561 lugendus
437 2484 533 2560 imni,
554 2486 668 2544 iuvenis
690 2484 846 2561 Thebane,
867 2486 992 2561 iaceres,

261 2566 300 2627 Ni
320 2587 374 2628 rex
392 2567 536 2628 insolitum
557 2569 716 2629 clamorem
735 2578 765 2629 et
784 2579 907 2649 pectore
929 2571 965 2631 ab
988 2568 1047 2630 ulto

264 2651 425 2712 Stridentes
442 2655 582 2729 gemitus,
601 2655 696 2714 noctis
720 2656 837 2715 miratus
858 2656 887 2714 in
905 2655 1026 2731 umbris,

262 2734 405 2797 liovisset
424 2754 563 2816 messus,
584 2741 696 2817 magnis
716 2740 762 2799 cui
784 2738 882 2800 sobria
900 2742 979 2801 curis

263 2820 412 2883 Pendebat
432 2839 533 2883 somno
555 2824 611 2884 inm
632 2825 779 2885 deteriore
801 2834 948 2885 senectus.

322 2906 410 2985 Isque
430 2905 479 2993 ubi
499 2908 692 2987 progrediens
710 2926 864 2969 numerosa
887 2909 953 2969 lnce
976 2910 1108 2988 peralta
1202 2920 1254 2975 435
1343 2928 1344 3015 q

265 2991 346 3051 Atria
365 2991 481 3051 dimotis
502 2990 628 3052 adverso
650 2994 746 3054 limine
769 2994 901 3053 claustris

265 3074 437 3134 Terribilem
458 3075 535 3135 dictu
556 3076 679 3154 facicm,
703 3078 802 3139 lacem
825 3094 876 3138 ora
897 3086 1055 3157 putresque

263 3158 432 3237 Sanguineo
451 3160 532 3221 videt
551 3161 643 3223 imltre
665 3180 771 3241 genas:
795 3162 890 3237 ‘Quae
909 3180 996 3223 censa
1017 3164 1134 3239 furoris,

265 3241 387 3303 Extemi
407 3242 551 3306 invenes?
572 3280 613 3291 —
632 3248 822 3327 nequeenim
842 3264 923 3307 meus
944 3248 1049 3308 audeat
1067 3251 1138 3309 istas

266 3325 345 3387 Civis
366 3329 394 3387 iu
411 3347 504 3409 usqne
524 3348 641 3409 manus,
663 3366 706 3379 -
725 3334 855 3411 quisnam
872 3331 1055 3411 inplacabilis
1074 3334 1162 3395 ardor
1204 3344 1258 3400 440

265 3410 429 3473 Extnrhare
450 3414 524 3475 odiis
539 3416 695 3495 tranquilla
717 3417 831 3477 silentia
852 3413 968 3477 auctir?

265 3496 366 3576 Usque
383 3498 497 3559 adeone
517 3510 638 3578 anguem
660 3501 724 3561 dies
744 3510 776 3561 et
795 3502 893 3578 triste,
916 3518 1071 3582 parumper

264 3580 371 3642 Pacem
392 3584 485 3644 animo
507 3601 695 3665 somnumque
717 3582 796 3665 pati?
836 3586 895 3647 Sed
917 3587 1031 3666 prodite
1049 3588 1176 3664 tandem,

266 3664 349 3727 Unde
370 3669 441 3749 orti,
463 3684 522 3749 quo
540 3668 623 3730 tertis
642 3672 715 3749 iter,
739 3686 813 3749 quae
834 3671 947 3751 iurgia?
980 3671 1053 3734 llam
1074 3687 1128 3733 ros
