2842 4300
207 300 268 364 128
324 367 328 378 ,
548 314 877 368 meermanni

207 471 330 532 Tantum
349 479 440 532 matre
461 470 507 531 via
529 479 590 541 est·
629 470 705 544 Quin
727 479 758 532 et
777 471 933 536 metuente
953 473 1152 554 prtpioqunnt
1229 487 1232 491 ·
1334 442 1335 447 ἵ

206 556 355 635 Tempora
377 565 406 618 et
426 556 565 617 extremis
583 541 705 616 nTmota
727 556 860 635 perioola
875 558 971 616 metis.
1085 594 1088 598 -

207 639 367 717 Cedamus,
387 641 561 720 paulumque
585 641 696 703 animos
716 640 852 702 submitte
871 642 973 702 viriles
1334 678 1335 683 ι

206 726 305 804 Atque
327 725 442 788 habitus
460 725 584 802 dignere
602 737 696 788 meos.
742 727 775 784 Si
790 724 881 800 Lydia
903 724 974 788 dura
1158 735 1213 792 too
1334 732 1335 753 ¹

205 812 301 873 Pensa
322 829 406 870 manu
426 809 592 888 mollesque
613 810 679 872 tulit
704 809 870 884 Tirynthius
890 810 1001 887 bastae,
1334 811 1335 837 ³

208 895 240 957 Si
261 894 347 955 deoet
367 902 466 956 aurata
485 893 631 957 Baoobum
650 895 777 971 vestigia
799 894 879 972 palla

206 980 353 1054 Vertere,
372 980 522 1056 virgineos
545 979 569 1038 si
589 977 720 1058 luppiter
741 977 831 1038 induit
850 988 940 1054 artos,

120 1058 122 1062 ’
206 1064 270 1124 Neo
292 1081 426 1140 magnum
449 1062 575 1140 ambigui
595 1063 748 1140 inegerunt
768 1059 887 1124 Caenea
908 1075 1013 1125 nexare:

205 1147 266 1209 llas
288 1148 367 1224 sine,
392 1165 519 1225 quaeso,
542 1147 633 1208 mines
654 1164 818 1224 numenque
838 1147 923 1208 exire
939 1147 1123 1224 malignum·
1157 1158 1210 1212 265

206 1231 277 1292 lllox
296 1233 400 1291 iterum
421 1247 558 1310 campos,
581 1233 684 1292 iterum
706 1229 880 1293 Centaurion
904 1231 1027 1292 relidam

205 1316 308 1377 Lustra
326 1315 388 1375 tibi.
431 1315 488 1376 Per
508 1332 566 1392 ego
588 1315 646 1376 hoo
669 1317 760 1377 deone
784 1325 815 1375 et
834 1325 956 1378 venture
976 1317 1112 1377 iuventae

204 1401 332 1476 Gaudia,
353 1401 377 1459 si
400 1409 494 1460 terras
516 1397 711 1479 humilemque
734 1410 858 1478 experta
879 1401 1011 1461 meritum

206 1485 249 1544 Te
272 1493 411 1564 propter,
432 1485 457 1544 si
477 1485 662 1562 progenitum
683 1484 794 1561 Stygos
816 1497 900 1544 amne
919 1501 1030 1544 severo

205 1569 388 1628 Armati—⁴
405 1577 555 1646 totumque
576 1568 697 1628 utinen!
716 1599 760 1614 -
779 1583 856 1648 onpe
874 1578 935 1629 tnta
955 1583 1113 1647 parumper
1156 1575 1210 1633 nte

206 1653 362 1729 Tegmina,
384 1652 425 1712 nil
443 1653 574 1712 nocitura
596 1653 701 1714 animo.
744 1650 804 1712 Cnr
825 1670 878 1716 ora
901 1648 1052 1714 redooiel·
1148 1686 1151 1693 ·

206 1737 320 1811 Quidve
343 1745 445 1814 parant
468 1733 568 1798 ¹ottrtlil
609 1735 703 1798 Pudet
721 1737 781 1798 boo
799 1739 957 1798 mitescere
978 1734 1079 1798 oultu‘l

204 1821 262 1886 Per
283 1829 330 1896 te,
353 1839 421 1880 oare
443 1839 532 1898 puer,
556 1830 680 1898 oogoata
699 1839 755 1900 per
776 1839 905 1900 aequora
923 1823 1000 1898 iuro,

204 1904 326 1964 Nesciet
348 1905 405 1964 boo
428 1903 560 1964 Chiron!
603 1907 655 1966 Sia
676 1905 794 1967 horrida
815 1915 940 1984 peotora
960 1915 1066 1965 traomt

204 1982 405 2067 Nequioquam
426 1989 566 2051 muleens.
610 1987 716 2050 Obstat
732 1993 912 2068 genitorque
933 1991 1049 2066 roganti
1155 1998 1219 2057 nto.
1334 2008 1335 2081 ζ

203 2071 392 2153 Numitorque
412 2075 515 2152 ingens
537 2083 567 2134 et
585 2073 675 2134 orode
695 2075 818 2135 exordia
838 2089 962 2152 magnae

131 2206 133 2213 Α
204 2158 323 2219 ludolis.
359 2157 497 2219 Elirenae
520 2158 656 2219 tumidum
676 2159 759 2219 velut
777 2161 846 2235 igne
864 2161 999 2219 iuuentae

203 2242 235 2303 Si
259 2244 323 2321 quis
346 2260 451 2321 equum
470 2245 570 2321 primis
591 2242 761 2303 submittere
783 2253 905 2321 temptet
926 2243 1060 2319 habenis,

115 2354 126 2376 s
204 2326 259 2386 llle
282 2327 329 2386 diu
352 2328 462 2405 eampis
486 2326 640 2403 lloviisque
662 2336 692 2386 et
711 2326 826 2387 bonore
845 2327 976 2407 superbo

204 2410 343 2485 Gavisus,
364 2428 422 2471 non
445 2410 522 2471 oolla
545 2411 632 2486 ingo,
655 2427 714 2470 non
735 2427 841 2489 aspera
860 2411 985 2490 praebet
1155 2418 1208 2472 280
1334 2467 1335 2486 q

205 2493 263 2554 Ora
286 2494 378 2572 lupis,
398 2494 564 2572 dominique
584 2495 673 2570 gemit
696 2496 830 2574 captiuus
850 2496 924 2557 inire

202 2578 329 2658 Imperia
350 2588 445 2657 atque,
458 2578 533 2639 alios
553 2579 672 2639 miratur
696 2578 813 2642 discere
835 2596 949 2641 oureus.

268 2661 339 2735 Quis
360 2662 432 2723 deus
452 2664 590 2723 attonitae
612 2662 731 2725 frendes
753 2673 904 2743 astumque
917 2664 1062 2743 ‚paranti

205 2743 354 2806 Contulit?
376 2746 536 2811 lodooilem
557 2764 632 2826 quae
650 2766 734 2809 mene
753 2748 880 2809 detraxit
899 2745 1065 2809 llobillerni

94 2908 95 2913 ἵ
202 2830 312 2890 Palladi
333 2830 457 2892 litoreae
478 2830 650 2893 celebrabat
670 2834 783 2909 Souros
800 2833 942 2894 honorum
976 2854 980 2862 ·
1155 2841 1205 2895 ist

202 2913 291 2974 Forte
312 2915 405 2993 diem,
428 2916 605 2995 placidoque
628 2926 711 2979 satae
730 2916 898 2993 byoomede
920 2933 1039 2981 sorores
1150 2947 1153 2954 »

201 2998 279 3057 Luae
304 3017 387 3059 saera
410 3000 530 3079 patriis,
555 3017 646 3078 quae
653 3018 719 3063 rara
741 3002 878 3079 lieentia,
888 3003 992 3063 muris

201 3080 342 3143 Exierant
363 3084 433 3145 dare
451 3085 531 3145 ueris
553 3101 629 3163 opos
647 3086 792 3166 divaeque
813 3099 961 3147 severae
1047 3119 1049 3123 Α
1114 3118 1118 3128 ·

200 3166 317 3227 Fronde
335 3168 433 3245 ligare
455 3186 554 3229 eomas
576 3178 606 3229 et
628 3186 772 3249 spargere
795 3172 916 3231 iloribne
936 3170 1058 3234 motam.

201 3248 339 3311 Omnibus
358 3253 492 3313 eximium
516 3253 627 3314 formae
651 3254 760 3330 deone,
783 3253 917 3315 omnibus
939 3254 1016 3317 itletu
1151 3264 1207 3319 Tito

202 3332 303 3395 cottus
326 3346 355 3397 et
378 3338 497 3415 expleto
520 3340 614 3399 teneri
636 3339 691 3399 iam
713 3340 771 3399 line
793 3338 913 3417 potoris

199 3418 357 3497 Virginitas
380 3432 490 3483 matura
511 3424 584 3485 toris
606 3424 731 3501 annique
753 3432 907 3483 tumentes
1172 3464 1180 3473 -

264 3504 324 3565 sed
346 3515 481 3585 quantum
501 3508 610 3569 virides
633 3506 734 3585 pelagi
754 3505 855 3568 Venus
877 3506 974 3567 addita
996 3506 1181 3588 Nymphas

199 3586 316 3668 Obruit,
340 3599 388 3651 aot
409 3589 536 3674 humeris
560 3599 694 3670 quantam
710 3590 805 3656 Dinon
825 3592 964 3671 relinquit
1033 3653 1036 3657 Δ
