2842 4300
494 394 694 447 meamus
714 397 785 447 ΗΒ.
807 397 858 448 111.

180 556 338 620 Crudelem
359 552 473 618 ueniam
493 562 583 634 atque
601 551 764 616 inhonorae
784 571 902 616 munera
925 555 1009 618 lucis.

179 641 241 706 Sed
257 640 325 702 milri
346 643 426 702 iussa
446 638 530 700 deum
552 639 721 718 placitoque
741 641 852 718 ignara·
865 641 976 701 moveri

179 729 324 809 Atropos,
347 737 434 808 atque
458 726 527 787 olim
547 741 606 785 non
626 723 702 784 baec
723 725 789 786 data
810 724 894 787 ianua
916 726 968 786 leti

179 812 324 893 llripuere
346 830 465 882 uecem;
486 811 600 889 iamque
622 817 654 868 ut
673 809 750 876 mibi,
764 809 887 890 prodiga
908 812 987 873 vitae

179 898 321 975 Pectora,
341 908 371 960 et
392 906 550 958 extremam
571 895 641 958 nibil
659 897 859 958 horrescentia
881 907 1003 958 mortem
1143 905 1178 968 το

179 983 350 1063 Adspicias:
372 982 482 1044 bellum
502 982 646 1043 infandum
668 981 869 1060 ominibusque
887 991 1021 1060 negatam

178 1067 312 1146 blovisti,
335 1068 469 1146 lunesto,
492 1070 601 1145 aciem,
624 1067 691 1130 dum
709 1065 824 1146 pellere
847 1066 932 1144 leges

177 1152 216 1214 Et
238 1153 454 1232 consanguineo
476 1151 577 1231 gliscis
598 1169 725 1232 regnare
748 1149 892 1230 superbus

178 1235 291 1306 Exule;
315 1248 344 1298 te
366 1238 460 1298 series
481 1237 616 1298 orbarum
635 1239 738 1298 excisa
758 1236 907 1296 domorum

177 1321 343 1384 Plauotibus
365 1322 505 1399 assiduis,
527 1330 557 1382 te
581 1322 645 1383 diro
665 1322 789 1382 horrore
808 1320 943 1381 volantes
1141 1333 1176 1389 75¹

179 1405 392 1487 Quinquaginta
415 1407 527 1468 animae
549 1408 657 1467 circum
678 1415 841 1488 noctesque
864 1405 987 1485 diesque

177 1491 333 1562 Assilieut;
356 1510 453 1571 neque
473 1491 549 1551 euim
567 1491 632 1570 ipse
649 1495 772 1552 moror!
813 1487 872 1552 Iam
893 1499 1025 1552 mouerat
1046 1492 1104 1554 iras

177 1575 244 1637 Rex
265 1577 361 1652 ierus,
383 1585 413 1636 et
432 1578 532 1637 tristes
553 1578 706 1654 ignescunt
726 1576 866 1653 sanguine
887 1574 992 1635 vultus.

236 1660 308 1722 lude
328 1662 404 1723 ultro
428 1661 573 1761 Pblegqas
596 1670 625 1722 et
645 1678 703 1721 nou
726 1668 878 1720 cunctator
899 1660 988 1742 iniqui

175 1745 342 1824 Labdacus,
372 1747 427 1807 bos
449 1747 533 1824 regni
552 1746 660 1806 lerrum
681 1763 793 1826 penes,
817 1745 860 1804 ire
882 1761 1027 1824 manuque
1140 1759 1175 1814 80

176 1830 353 1892 Proturbare
375 1840 524 1910 purant.¹
531 1831 591 1891 Sed
609 1832 665 1891 iam
683 1829 843 1890 nudaverat
861 1847 961 1889 ensem

175 1913 373 1994 blagnanimus
391 1925 491 1993 vates,
512 1923 542 1975 et
568 1933 644 1974 nunc
665 1915 756 1974 trucis
776 1930 827 1974 ora
849 1915 973 1991 tyranni,

175 1999 259 2062 Nunc
281 2001 389 2061 ferrum
412 2000 601 2080 adspectans.
623 1997 804 2078 ‘Numquam
826 1997 878 2056 tibi
897 1999 1046 2077 sauguinis
1064 2000 1147 2060 buius

175 2083 224 2146 lus
247 2086 316 2163 erit,
336 2094 385 2145 aut
405 2101 510 2165 magno
533 2084 624 2144 ieries
644 2082 787 2165 iuperdita
806 2079 908 2159 Tydeo

175 2169 315 2240 Pectora;
339 2170 415 2232 vado
439 2171 573 2271 equidem
596 2168 729 2229 exultans
750 2176 910 2248 ereptaque
932 2166 990 2228 lata
1140 2182 1173 2233 85

174 2254 319 2334 insequor
340 2265 370 2316 et
391 2256 513 2316 comites
535 2254 616 2315 ieror
637 2260 811 2332 expectatus
832 2252 868 2313 ad
888 2250 1015 2314 umbras.

176 2340 221 2400 'le
243 2342 359 2420 superis
380 2340 596 2419 fratrique’-
554 2338 610 2399 -l
631 2337 698 2398 Et
688 2354 745 2398 ram
766 2337 861 2397 media
883 2354 950 2397 orsa
971 2337 1116 2416 loquentis

175 2424 346 2486 Abstulerat
366 2425 482 2517 plenum
505 2422 612 2525 capulo
630 2422 720 2491 latus;
742 2420 792 2482 ille
816 2421 912 2482 dolori

174 2510 286 2587 Pugnat
305 2519 335 2571 et
356 2496 503 2589 ing'entem
523 2510 591 2569 nixu
613 2506 806 2587 duplicatus
797 2524 826 2566 m
846 2506 933 2566 ictum

176 2591 294 2654 Corruit
301 2595 527 2674 ,extremisque
546 2593 656 2654 animae
676 2590 849 2669 singultibus
873 2608 973 2650 errans
1138 2602 1174 2656 90

174 2679 314 2741 Alternus
331 2698 405 2741 nuuc
428 2696 480 2739 ore
501 2680 598 2755 uenit,
618 2695 695 2737 nuno
713 2676 835 2735 vulnere
858 2675 985 2751 sanguis.

239 2762 391 2824 Excussae
414 2777 569 2843 procerum
588 2771 717 2838 mentes,
741 2759 914 2838 turbataque
932 2769 1060 2819 mussant

175 2848 324 2909 Consilia:
347 2857 393 2908 ast
413 2848 492 2909 illum
514 2847 620 2908 coniux
638 2845 746 2925 lidique
768 2852 906 2923 parentes

173 2936 347 2995 servantem
366 2933 462 2993 vultus
482 2941 512 2992 et
531 2935 645 2992 toriutn
666 2931 695 2989 iu
716 2937 810 2989 morte
833 2935 963 3008 peracta,

173 3019 240 3080 Nec
261 3017 379 3096 longum
399 3016 538 3077 reducem
559 3015 658 3077 laetati
677 3014 706 3073 in
728 3022 806 3074 tecta
827 3012 971 3074 ierebaut.
1137 3024 1170 3079 95

240 3102 301 3164 Sed
323 3102 404 3163 ducis
421 3101 528 3163 infandi
549 3098 681 3161 rabidae
691 3114 750 3159 uon
771 3097 943 3159 hactenus
934 3114 995 3157 rrae

172 3188 260 3249 Stare
283 3195 404 3266 queuut;
425 3187 534 3247 vetat
525 3204 593 3264 igne
613 3184 693 3265 rapi,
717 3199 878 3271 pacemque
900 3182 1027 3261 sepulcri

172 3272 273 3351 lupius
296 3272 403 3349 ignaris
424 3273 615 3351 nequicquam
636 3268 766 3329 manibus
788 3277 878 3328 arcet

240 3355 282 3416 'l'u
305 3364 399 3416 tamen
422 3357 561 3435 egregius
579 3354 635 3414 lati
650 3355 832 3431 mentisque,
856 3370 912 3413 nec
934 3344 1067 3433 uunquam

171 3440 325 3519 indignum
345 3458 466 3521 passure
489 3442 589 3516 situm,
612 3439 660 3517 qui
683 3440 813 3499 cominus
834 3454 922 3497 ausus
1121 3450 1171 3501 100

170 3526 291 3586 Vadere
315 3531 509 3605 contemptum
529 3525 626 3602 regis,
649 3541 765 3603 quaque
785 3522 880 3600 ampla
903 3521 1017 3581 ueniret

171 3610 306 3672 Libertas
324 3610 438 3671 sancire
456 3610 545 3669 riam:
568 3624 627 3688 quo
647 3608 774 3669 carmine
796 3608 921 3685 dignam,

173 3694 241 3771 Quo
264 3697 335 3759 satis
358 3712 410 3757 ore
431 3696 487 3756 tuis
508 3694 611 3756 lamani
631 3692 784 3755 virtutibus
806 3692 917 3771 addam,
961 3775 1005 3837 4*
