2842 4300
365 393 397 442 n.
420 391 554 442 nnuman
575 391 692 442 sunum
714 392 892 445 smvunuu
913 395 946 445 u.
967 395 1001 444 v.
1147 384 1187 446 95

183 545 244 608 Sed
264 545 396 608 mortalis
415 539 529 623 honos,¹
550 548 635 628 agilis
657 565 744 628 quem
763 547 867 609 dextra
887 547 1011 612 laborat.
1153 532 1190 618 uo

77 651 78 654 ¹
246 629 309 691 Nos
330 629 397 709 tibi,
421 631 529 693 laudati
549 633 661 692 iuvenis
683 633 830 693 rarissima
853 634 970 710 coniux,

76 727 77 730 ’
182 714 283 793 Longa
304 734 362 776 uec
385 716 541 777 obscurum
563 717 648 777 linem
670 715 763 778 latura
785 718 908 795 pereuni

185 799 372 880 Temptamus
392 801 463 862 dare
481 801 559 862 insta
580 801 658 877 lyra3
682 800 771 861 modu
788 801 894 861 dexter
914 799 1025 880 Apollo

184 883 300 963 Quique
322 887 404 945 veuit
424 885 522 945 iuncto
543 883 612 945 mibi
633 903 753 964 semper
773 883 913 964 Apolline
937 883 1058 962 Caesar,

183 969 308 1028 Aunuat.
348 968 432 1030 Haud
452 969 508 1030 alio
523 969 632 1030 'melius
655 970 785 1030 condere
805 969 954 1048 sepulcro.
1152 982 1188 1035 15

246 1053 320 1113 Sera
341 1054 463 1131 quidem
478 1062 558 1113 tauto
580 1054 699 1118 struitur
716 1054 860 1115 medicina
882 1052 989 1130 dolori,
1158 1125 1162 1129 ‚

183 1137 286 1198 Altera
310 1155 396 1216 quum
417 1137 569 1197 volucrem
589 1136 701 1198 Phoebi
723 1147 788 1198 rota
806 1145 942 1218 torqueat
962 1155 1079 1206 aunum:

184 1221 244 1283 Sed
268 1238 354 1299 quum
375 1221 463 1300 plaga
485 1239 592 1281 recens
615 1230 644 1281 et
666 1221 760 1282 adhuc
781 1222 810 1281 iu
831 1222 954 1281 uulnere
973 1223 1068 1300 primo

183 1307 285 1382 Aegra
306 1305 408 1365 domus
431 1313 535 1384 questu
557 1306 752 1384 miseramque
773 1323 914 1366 accessus
935 1305 972 1366 ad
994 1323 1093 1368 aurem

185 1387 327 1466 Coniugis
348 1388 457 1465 orbati,
480 1399 550 1449 tuuc
568 1388 640 1450 dere
660 1398 691 1450 et
713 1389 848 1449 scindere
868 1397 970 1448 uestes
1152 1403 1188 1456 uo

183 1472 222 1533 Et
241 1472 366 1533 famulos
387 1473 501 1533 lassare
521 1491 631 1551 greges
654 1483 684 1534 et
703 1474 824 1534 uincere
847 1472 980 1552 plauctus

184 1555 315 1635 Fataque
338 1565 368 1617 et
390 1557 512 1617 iniustos
533 1558 643 1619 rabidis
666 1557 786 1637 pulsare
807 1557 938 1636 querelis

186 1639 355 1702 Coelicolas
374 1640 506 1702 solamen
524 1651 596 1702 erat.
639 1642 722 1702 Licet
739 1642 804 1722 ipse
825 1641 967 1702 levandos

184 1725 232 1785 Ad
252 1726 377 1802 gemitus
399 1725 481 1784 silvis
504 1727 656 1787 comitatus
678 1735 708 1786 et
733 1725 863 1787 amnibus
885 1724 1021 1804 Orpheus

74 1853 75 1870 r
183 1809 318 1885 Adorei,
341 1818 429 1888 atque
452 1812 544 1870 omnis
566 1813 677 1890 pariter
700 1819 857 1871 matertera
877 1817 985 1885 vatem,
1152 1823 1187 1875 25

74 1900 75 1946 l
185 1891 284 1952 Omnis
306 1891 480 1972 Apollineus
501 1903 619 1971 tegeret
637 1895 805 1974 Bacchique
827 1894 980 1969 sacerdos,

74 1973 75 2040 l
185 1976 235 2036 Nil
255 1985 372 2054 cantus,
395 1977 520 2052 nilida,
543 1977 607 2038 deis
628 1978 766 2057 pallentis
785 1973 896 2037 Averni

185 2060 434 2140 Eumenidumque
457 2062 553 2122 audita
574 2063 680 2138 comis,
704 2061 835 2121 mulcere
856 2061 999 2122 valerent.

74 2152 75 2164 ¹
186 2145 294 2207 Tantus
317 2147 347 2205 iu
368 2146 489 2207 attonito
511 2145 654 2224 regnabat
675 2156 799 2225 pectore
822 2144 952 2212 luctusl,

74 2276 75 2301 p
185 2230 270 2291 Nunc
290 2231 377 2291 etiam
398 2230 435 2291 ad
455 2230 589 2309 plauctus
610 2231 721 2307 refugit
741 2231 797 2290 iam
820 2230 908 2309 plana
927 2229 1058 2305 cicatrix,
1152 2240 1188 2294 30

186 2314 269 2374 Dum*
283 2315 410 2375 cauimus
431 2313 628 2394 gravibusque
651 2314 747 2374 oculis
767 2315 889 2374 uxorius
907 2315 995 2373 instat

185 2398 291 2459 Imber.
334 2396 486 2458 Habentue
505 2399 571 2477 pios
593 2399 745 2459 etiamnum
763 2398 868 2458 lumina
889 2395 1000 2458 detus'?
1032 2400 1039 2415 ⁸

185 2482 258 2543 blira
279 2481 367 2542 lidesl
398 2479 489 2541 Citius
511 2483 647 2559 genetrix
665 2483 787 2561 Sipylea
807 2482 922 2542 leretur

185 2565 368 2627 Exhausisse
386 2582 494 2642 genas;
517 2567 601 2627 citius
622 2565 775 2627 Tithonida
795 2566 901 2626 moesti
964 2581 968 2587 ·

185 2646 331 2709 Deficient
352 2665 452 2725 rores,
474 2657 523 2709 aut
544 2651 669 2710 exatiata
687 2650 805 2709 fatiscet
1152 2660 1186 2714 35

185 2732 279 2793 Mater
300 2731 446 2792 Achilleis
463 2731 574 2792 hiemes
595 2732 753 2809 ablingere
774 2732 878 2792 bustis.

250 2814 347 2876 blacte
367 2815 468 2877 animi!
510 2815 598 2875 Notat
618 2818 673 2876 ista
695 2816 785 2891 deus,
808 2817 856 2894 qui
877 2814 970 2875 flectit
990 2815 1119 2877 babeuas

186 2898 273 2960 Orbis
294 2908 324 2959 et
344 2898 484 2959 humanos
506 2900 629 2977 propior
649 2898 722 2959 love
743 2899 850 2976 digerit
874 2908 967 2976 actus,

184 2982 427 3062 Moereutemque
445 2982 526 3043 videt
546 2982 675 3061 lectique
698 3000 804 3043 arcana
824 2983 945 3043 ministri

185 3067 259 3128 lliuc
280 3067 366 3127 etiam
388 3067 561 3127 documenta
583 3066 678 3144 capit,
699 3066 779 3143 quod
799 3066 896 3143 diligis
917 3066 1047 3128 umbram
1136 3077 1189 3130 '40

185 3150 225 3211 Et
246 3150 322 3211 colis
344 3152 496 3229 exequias.
541 3148 595 3209 llic
619 3158 665 3209 est
686 3150 865 3209 castissimus
886 3150 984 3226 ardor,

185 3234 241 3294 llic
262 3250 344 3294 amor
365 3252 383 3295 a
404 3234 521 3295 domino
543 3233 663 3293 meritus
685 3249 811 3293 censore
831 3232 961 3310 probari.

185 3316 258 3387 Nec„
271 3318 394 3394 mirum‚'
413 3318 438 3377 si
459 3334 515 3377 uos
536 3317 645 3378 collato
666 3326 791 3396 pectore
813 3317 919 3376 mixtos

187 3400 282 3462 lunxit
299 3400 452 3482 inabrupta
471 3400 630 3462 concordia
651 3400 742 3479 longa
763 3409 877 3460 catena.

250 3484 306 3546 llla
329 3485 444 3563 quidem
463 3494 642 3565 nuptumque
665 3487 747 3564 prior
764 3484 926 3563 taedasque
947 3483 1049 3546 manto
1152 3492 1187 3546 45

188 3569 278 3630 Passa
298 3568 373 3645 alio,
397 3569 452 3629 sed
474 3578 505 3629 te
525 3586 579 3629 ceu
596 3570 764 3647 virginitate
783 3570 912 3644 iugatum

106 3717 109 3723 ,
186 3652 361 3716 Visceribus
381 3653 451 3715 totis
473 3654 626 3733 animoque
645 3653 782 3734 amplexa
801 3650 956 3726 larebats
