2842 4300
247 320 289 380 40
581 331 616 381 P.
636 329 771 380 PAPIIOE
792 329 909 380 ffl'l'ss

249 486 365 555 llisisti;
386 502 493 548 moneo
511 503 669 565 repom
686 486 793 566 gandia
811 495 903 548 temet

249 569 407 632 Dedoceas
424 572 596 652 patiensque
613 572 704 650 lupe
722 590 857 634 mereare
877 571 1008 632 reverti'

310 654 442 717 Dixerat.
484 656 541 716 Ast
560 657 604 717 illi
622 659 713 718 tacito
734 656 789 716 sub
811 666 935 736 pectere
954 655 1060 718 tutu
1193 663 1248 716 tto

248 740 339 818 lgneo
356 740 446 801 corda
465 740 604 810 lremnnt;
624 741 703 802 iacto
721 741 803 802 velut
821 759 928 821 aspera
949 757 1023 802 suo

249 823 386 886 Cominus
407 825 528 904 erigitur
548 844 690 905 serpens,
710 825 757 886 cui
780 825 884 886 mbter
903 828 1004 886 inanes

247 909 348 988 longa
367 911 431 970 sitis
451 910 596 986 latebras,
618 920 757 990 totosque
775 912 883 988 agitata
904 929 959 990 per
979 918 1059 970 artus

249 992 449 1055 convocatio
469 995 573 1055 lauces
594 1004 625 1055 et
643 1013 781 1074 squamea
805 995 882 1056 colla
901 1012 1062 1056 venenum:

311 1075 456 1157 ‘Cognita
477 1080 503 1139 si
523 1079 620 1140 dubiis
635 1079 735 1140 fratris
750 1079 819 1140 milti
838 1081 931 1158 iurgia
948 1080 1040 1156 siguis
1191 1083 1246 1138 415

247 1166 325 1225 Ante
346 1163 461 1240 forent,
480 1183 538 1225 nec
555 1163 636 1225 claro
655 1164 789 1226 odium
809 1182 914 1225 arcana
934 1171 1079 1242 paterent,

247 1249 405 1310 §alliceret
427 1248 477 1308 vel
494 1249 560 1310 sola
581 1249 672 1326 fides,
697 1268 755 1329 qua
774 1259 875 1310 torvus
897 1257 927 1309 et
947 1248 1026 1308 illuni

247 1334 345 1394 Mente
365 1351 491 1411 gerens,
514 1352 569 1394 cen
588 1343 674 1413 septo
694 1351 789 1394 novus
811 1335 867 1394 iam
885 1334 1000 1393 moenia
1020 1332 1101 1392 laxet

247 1418 374 1493 Possm,
396 1426 427 1479 et
445 1418 570 1479 hostiles
589 1420 735 1479 inimicent
756 1419 880 1480 classica
897 1428 1017 1494 turmas,
1037 1438 1042 1450 ’

247 1502 404 1563 Praeluris.
436 1501 469 1562 ln
489 1502 603 1564 medios
623 1504 649 1562 si
670 1505 801 1564 cominus
820 1520 888 1563 orso
909 1502 1029 1564 tulisses
1191 1505 1245 1560 lto

247 1587 382 1646 Bistonas
403 1595 452 1646 ant
471 1587 578 1664 relego
600 1586 747 1666 pallentes
767 1587 833 1648 sole
854 1586 995 1662 Gelonos,

247 1671 367 1731 Parcior
386 1671 517 1750 alloquio
539 1680 570 1731 et
588 1672 677 1731 medii
694 1674 879 1734 reuerentior
899 1672 985 1750 nequi

247 1755 413 1835 lnciperes;
434 1773 532 1834 neque
552 1764 582 1816 te
604 1754 776 1818 furibundae
794 1757 913 1816 crimine
929 1755 1033 1815 mentis

248 1839 419 1917 Argoerim:
440 1839 572 1901 mandata
594 1840 700 1900 refers.
744 1840 828 1902 Nune
848 1841 943 1902 omnia
964 1835 1080 1919 quando

247 1923 337 1985 Plena
356 1925 455 2001 minis,
478 1943 535 1986 nec
557 1934 674 2005 sceptra
695 1925 754 1986 lide
775 1943 831 1986 uec
851 1943 927 2005 pace
947 1930 1102 2002 sequestra
1192 1926 1243 1982 tao
1327 1949 1329 1984 i

248 2009 388 2086 Poscitis‚
411 2019 441 2070 et
462 2009 569 2088 capulo
591 2012 714 2089 propior
732 2028 848 2070 mnus:
870 2009 946 2070 haec
965 2026 1031 2068 mea
1052 2004 1117 2081 regi

248 2094 408 2173 Argolico,
430 2094 555 2155 nondum
575 2111 671 2174 aequa
690 2095 764 2172 tuis,
786 2096 853 2157 vice
871 2094 948 2155 dicta
969 2099 1107 2171 reporta:

311 2179 412 2255 ‘Quae
435 2197 501 2240 sors
522 2181 598 2241 iusta
617 2179 701 2257 nint,
723 2198 798 2259 quae
820 2196 879 2239 non
902 2177 1047 2239 indebitus
1068 2174 1149 2235 annis

248 2267 373 2345 Sceptra
393 2265 501 2325 dicavit
520 2263 633 2340 honos,
652 2274 740 2325 teneo
760 2265 937 2343 longumque
959 2260 1077 2323 tenebo.

248 2348 290 2409 'le
311 2365 405 2428 penes
423 2347 559 2409 hochioc
578 2348 683 2409 dotalis
702 2350 786 2425 regia
803 2348 881 2408 dono
1191 2353 1244 2408 oio

249 2432 405 2510 Coniugis,
428 2441 458 2492 et
478 2430 656 2491 Danaae-
677 2432 746 2511 qnid
768 2433 843 2492 enim
864 2430 1020 2491 maioribus
1038 2431 1111 2491 actis

247 2512 415 2578 Invideam?
436 2551 478 2560 —
497 2515 678 2575 cumulentur
699 2534 790 2595 opes;
809 2515 945 2577 felicibus
964 2515 1064 2593 Argos

246 2602 394 2680 Auspiciis
415 2599 596 2679 Lernamque
617 2618 723 2677 regas:
741 2618 795 2661 nos
816 2600 935 2662 horrida
954 2600 1060 2662 Dirces

245 2686 357 2747 Pascua
378 2694 407 2745 et
423 2683 562 2745 Euboicis
584 2693 710 2745 arctatos
731 2684 864 2746 llnctilrus
886 2702 966 2761 oras,

246 2770 313 2830 Nou
333 2770 471 2847 indignati
492 2770 628 2829 miserum
647 2768 757 2830 dixisse
774 2778 926 2849 parentem
1190 2774 1243 2831 435

247 2854 434 2933 Oedipoden:
457 2853 509 2914 tibi
530 2853 611 2931 larga
633 2888 676 2901 —
694 2854 804 2935 Pelops
828 2864 858 2915 et
876 2851 1013 2915 Tantalus
1034 2860 1137 2913 auctor
1158 2886 1201 2897 -

245 2937 406 3015 Nobilitas,
430 2938 609 3017 propiorque
630 2938 700 2999 llnat
720 2939 757 3000 de
779 2939 919 3017 sanguine
939 2938 1035 2996 iuncto

245 3022 385 3101 luppiter.
428 3021 512 3082 Anne
534 3022 611 3083 leret
629 3023 699 3083 luxu
719 3033 860 3085 consueto
880 3030 1003 3101 paterno
1050 3046 1053 3053 ’

246 3106 328 3168 llnnc
348 3106 448 3183 regina
468 3103 579 3167 larem?
598 3116 717 3169 nostrae
737 3109 784 3168 oni
805 3110 868 3167 iure
887 3122 1009 3165 sorores

172 3235 174 3240 -
246 3190 340 3251 Anxia
361 3208 453 3270 pensa
473 3188 603 3252 trahant?
624 3192 714 3269 longo
733 3210 819 3270 quom
836 3189 952 3251 sordida
972 3189 1051 3251 luctu
1189 3198 1245 3254 44⁰

244 3274 355 3351 nater,
379 3284 410 3336 et
427 3294 466 3335 ex
484 3275 548 3335 imis
569 3276 682 3338 auditos
704 3276 781 3337 lorte
802 3272 932 3336 tenebris

246 3359 380 3421 Ollendot
401 3377 491 3420 socer
511 3360 563 3421 ille
578 3378 686 3421 senex.
720 3359 780 3421 lam
799 3368 923 3439 pectora
944 3358 1024 3436 voigi

245 3444 414 3505 desuevere
434 3445 520 3522 ingo:
544 3444 634 3524 pudet
651 3443 721 3505 hen!
744 3443 899 3523 plebisque
925 3452 1105 3523 patrumque,
1155 3498 1160 3507 .

116 3551 117 3574 ³
245 3528 289 3589 Ne
312 3530 418 3590 totiens
438 3530 549 3589 incerta
570 3527 665 3589 lerunt
684 3537 852 3607 mutentque
872 3538 1023 3605 gementes

244 3613 369 3694 imperia
389 3622 419 3675 et
438 3612 526 3675 duhio
545 3614 645 3694 pigeat
665 3624 770 3694 parere
788 3622 918 3691 tyranno.
1188 3623 1242 3678 445
