2842 4300
250 310 310 371 144
583 320 616 371 Ρ.
638 320 774 371 Parnm
794 320 911 373 sunan

249 476 370 542 Gentis?
391 488 421 541 et
441 478 471 539 in
491 477 634 555 tumulos,
658 478 684 539 sl
704 478 774 557 quid
793 478 871 539 male
892 472 974 539 ioetn'
993 478 1112 559 reliquit

237 564 358 641 dilater,
379 562 461 625 abire
480 561 587 624 inires?
623 563 757 625 Thracen
778 562 927 643 silvasque
947 562 1094 643 Lycurgi?
1197 575 1252 631 180

246 651 331 712 Anne
348 648 538 728 triumphatos
559 648 668 727 ingiam
689 649 821 728 captivus
841 649 879 709 ad
899 643 1009 709 ludos?
1088 646 1092 651 ’

246 734 292 795 Da
314 734 415 795 sedem
437 732 574 812 profugo.
613 732 710 793 Potuit
731 732 851 793 latonia
872 732 965 794 irater

247 820 326 880 Saxa
346 852 388 865 —-
409 834 465 877 nec
485 816 602 878 invideo
621 848 665 865 -·
681 816 815 894 defigere
832 816 930 878 Delon
950 826 982 879 et
997 820 1062 883 imis

247 902 457 965 Commendare
474 900 568 962 iretis.
611 899 685 961 Cara
703 900 849 963 submovit
868 901 906 962 alr
925 919 996 965 arce
1249 954 1252 959 .
1330 867 1331 950 l

245 987 376 1049 Hostiles
398 986 525 1047 Tritonis
545 1002 651 1065 aquas;
672 986 733 1047 uidi
753 987 820 1065 ipse
837 994 989 1066 potentem
1196 998 1251 1055 185

246 1073 387 1135 Gentibus
405 1071 477 1132 Eois
498 1070 651 1151 Epaphum
674 1070 746 1131 dare
765 1072 846 1149 iura,
867 1090 925 1133 nec
942 1072 1020 1133 ullas
1072 1084 1075 1090 ·

247 1156 371 1235 Cyllene
394 1164 509 1217 secreta
531 1155 616 1217 tubas
634 1154 771 1218 timone
791 1166 876 1218 curat

244 1242 305 1305 Ida.
349 1242 424 1317 Quid
443 1241 501 1302 heu
522 1250 631 1303 tantum
650 1242 759 1302 nostris
778 1241 937 1303 offenderis
957 1240 1038 1303 nris?

244 1327 299 1388 llic
319 1327 388 1405 tibi,
409 1326 523 1407 quando
541 1327 635 1387 minor
657 1326 714 1387 iam
733 1336 833 1389 nosue
856 1328 1001 1406 potentin,
1024 1336 1131 1389 noctes

243 1411 409 1473 Herculeae
429 1411 613 1491 placitusque
635 1428 729 1488 vagae
749 1410 912 1487 Nycteidos
933 1412 1032 1490 ardor,
1194 1423 1251 1481 190

244 1496 299 1557 Hic
320 1496 437 1573 Tyrium
456 1512 551 1573 genus
573 1504 603 1555 et
623 1504 726 1555 nostro
747 1495 865 1556 lelicior
884 1498 954 1573 igne

245 1580 371 1642 Taurus:
394 1580 571 1658 Agenoreos
589 1580 692 1641 saltem
712 1589 808 1641 tutare
826 1585 977 1659 nepotes?

306 1665 444 1727 Invidiam
465 1666 529 1725 risit
550 1674 653 1744 pater,
677 1673 706 1725 et
723 1666 780 1725 iam
800 1666 914 1745 poplite
935 1665 1044 1726 ilerum

245 1751 487 1829 sternentemque
507 1766 608 1810 manus
628 1749 800 1829 tranquillus
821 1750 858 1811 ad
882 1750 984 1811 oscula
1001 1750 1080 1813 tollit

243 1836 335 1916 Inque
354 1836 449 1896 vicem
466 1834 581 1915 placida
603 1852 672 1897 orsa
689 1834 798 1895 refert:
821 1833 906 1895 ‘Non
923 1834 1055 1914 coniugis
1075 1838 1132 1905 ista
1192 1846 1247 1902 195

245 1920 398 1997 Consiliis,
423 1930 454 1981 ut
474 1936 559 1997 rere,
581 1936 673 1999 puer,
694 1938 751 1979 nec
768 1936 858 1981 sacra
878 1920 994 1998 roganti

245 2007 295 2066 Sic
319 2015 459 2085 expostus
481 2022 554 2083 ego:
576 2006 684 2065 inmoto
705 2003 874 2065 deducimur
895 2005 970 2065 orbe

243 2088 394 2160 Fatorum
414 2100 531 2152 veteres
557 2106 702 2170 seraeque
723 2090 753 2149 in
769 2090 885 2169 proelia
905 2106 1023 2152 causae.

243 2175 317 2236 Nam
339 2177 385 2236 cui
406 2185 484 2237 tanta
505 2177 587 2254 quies
608 2177 733 2252 irarum,
755 2183 805 2236 aut
824 2177 974 2254 sangoinis
989 2191 1060 2233 usus

243 2260 362 2322 Parcior
382 2257 519 2321 humani?
560 2261 649 2321 Videt
667 2261 731 2320 axis
751 2269 784 2320 et
802 2261 858 2320 ista
875 2279 932 2340 per
951 2275 1055 2321 aevum
1097 2300 1101 2309 ‹
1189 2267 1244 2322 2⁰⁰

242 2344 357 2404 Mecum
376 2353 494 2405 aeterna
511 2345 629 2421 domus,
652 2345 788 2423 quotiens
808 2345 864 2405 iam
883 2354 960 2406 torta
980 2357 1122 2422 repom

243 2427 388 2505 Fulmina,
412 2447 497 2508 mam
518 2447 601 2490 rarus
622 2427 708 2488 terris
730 2429 779 2489 irie
798 2430 925 2508 imperet
944 2431 1032 2508 ignis.

243 2511 319 2586 Quin
341 2514 426 2573 etiam
445 2515 550 2574 invitare
566 2531 670 2591 magua
690 2513 919 2592 uleiscendaque
939 2515 1037 2594 passis

242 2597 302 2658 Aut
322 2597 459 2676 Lapithas
479 2597 577 2675 Marti,
601 2607 650 2660 aut
669 2607 802 2660 veterem
822 2597 962 2662 Calidona
983 2598 1094 2660 Dianae

241 2681 419 2762 Expugnare
441 2683 523 2753 dedi3
543 2699 667 2761 meaque
689 2684 880 2760 coiectura,
902 2685 1044 2765 pigetque
1189 2693 1241 2748 Μ

243 2767 299 2828 'lot
320 2777 430 2828 mutare
450 2769 574 2844 animas,
597 2775 641 2828 tot
661 2767 787 2830 reddere
808 2785 934 2848 corpora
954 2770 1043 2830 vitae.

240 2851 402 2913 Labdacios
422 2868 495 2911 vero
517 2851 696 2931 Pelopisque
719 2871 736 2914 a
758 2854 851 2932 stirpe
864 2863 990 2932 nepotes

241 2935 366 2996 'lardum
385 2935 506 2996 abolere
527 2936 608 3006 mihi;
630 2937 690 2996 scis
710 2938 793 3017 ipse,
814 2947 846 2997 nt
866 2939 984 2998 crimina
1005 2939 1117 2998 mittam

241 3021 366 3097 Dorica,
391 3035 475 3100 quam
493 3029 646 3100 promptae
669 3038 796 3101 superos
814 3023 965 3083 incessere
987 3021 1119 3100 Thebae,
1229 3050 1234 3069 ι

242 3105 284 3166 Te
306 3122 439 3184 quoque;
463 3105 516 3166 sed
538 3107 672 3184 qnoniam
691 3116 777 3166 vetus
795 3106 903 3166 excidit
922 3108 980 3182 ira,
1003 3107 1110 3168 silebo.
1187 3116 1241 3172 nm

240 3187 306 3250 Non
324 3199 419 3250 tamen
441 3199 489 3250 aut
510 3191 605 3270 patrio
626 3208 783 3270 respersus
803 3191 944 3267 sauguine
965 3191 1123 3272 Pentheus,

241 3274 300 3334 Aut
318 3283 438 3334 matrem
458 3275 625 3338 scelerasse
644 3277 735 3352 toris,
758 3284 807 3336 aut
829 3275 948 3336 crimine
968 3275 1074 3338 iratres

240 3359 436 3436 Progenuisse
454 3377 522 3420 reus
544 3361 644 3422 lacero
662 3369 711 3421 tua
733 3359 973 3439 lustra-replerit

240 3442 355 3505 Funere
362 3465 369 3513 ;
392 3443 442 3504 ubi
462 3444 565 3522 dctus,
586 3445 637 3505 ubi
659 3453 727 3505 tunc
747 3461 796 3511 aaa
816 3453 893 3504 tanta
913 3443 1073 3524 precandi

240 3529 295 3589 Ast
319 3545 376 3606 ego
394 3545 452 3588 nou
472 3531 594 3608 proprio
615 3529 695 3590 diros
714 3528 843 3608 inpendo
863 3529 959 3590 dolori
1186 3539 1239 3601 tit

241 3610 501 3695 Oedipodionidas:
523 3621 610 3694 rogat
630 3614 688 3677 lroc
708 3613 856 3695 tellusque
879 3615 1023 3696 polusque
