2842 4300
514 406 714 455 uuusmoos
734 408 804 455 nra.
827 408 876 455 rx.
1135 395 1194 457 187

196 565 318 626 Ducitur
337 564 435 624 hostili
457 596 498 609 -—
518 581 572 643 pro
596 564 665 624 dura
688 565 818 643 potentia
838 563 906 624 lati!
927 595 969 610 -
1143 574 1196 629 180

196 650 312 726 Tydeus
333 649 384 710 ille
405 649 485 726 solo,
508 648 594 710 modo
616 651 661 709 cui
680 648 817 709 Thebana
840 650 975 729 sequenti

195 735 333 813 Agmina,
356 736 419 794 sive
439 735 559 811 gradum
580 752 632 793 seu
654 734 738 793 frena
760 734 937 809 effunderet,
963 736 1066 811 ingens

194 820 289 881 Limes
309 820 452 898 utrimque
470 819 565 885 datus:
586 836 725 897 nusquam
743 838 821 879 arma
835 836 994 897 manusque
1008 821 1171 898 quiescunt,

195 904 282 965 Nulla
302 904 357 963 viri
375 904 494 980 ieritas,
517 906 595 963 iuvat
616 921 668 965 ora
689 904 813 981 rigentia
835 903 897 963 leto

195 988 232 1049 Et
253 988 423 1049 formidatos
445 991 551 1067 inpune
573 989 724 1048 lacessere
743 988 850 1048 vultus.
1143 998 1193 1052 185

195 1074 249 1134 llic
269 1090 365 1150 amor,
389 1073 446 1133 hoc
467 1092 522 1133 una
543 1073 631 1133 timidi
653 1073 805 1151 fortesque
829 1082 989 1151 sequuntur

195 1158 357 1219 Nobilitare
380 1176 496 1235 manus,
520 1158 687 1238 iniectaque
707 1159 847 1235 sanguine
865 1158 925 1217 tela

195 1242 374 1320 Coniugibus
395 1252 513 1303 servant
532 1243 689 1322 parvisque
711 1243 867 1302 ostendere
889 1243 974 1302 natis.

195 1327 312 1389 Sicubi
330 1326 430 1388 llaura
447 1327 494 1387 diu
512 1327 680 1407 populatum
700 1344 768 1387 rura
790 1326 915 1403 leonem,

195 1412 288 1487 Quem
306 1420 428 1491 propter
446 1412 598 1491 clausique
617 1425 727 1489 greges
744 1412 924 1491 vigilantque
943 1411 1083 1487 magistri,
1143 1420 1195 1474 190

195 1496 343 1557 Pastorum
363 1496 460 1563 lassae
479 1494 668 1556 debellavere
688 1496 842 1556 cohortes:
1006 1499 1009 1506 '

196 1581 307 1642 Gaudet
329 1600 414 1659 ager,
427 1586 542 1658 'magno
564 1581 689 1640 subeunt
710 1580 839 1641 elamore
860 1580 970 1655 coloni,

194 1666 449 1745 Praecerpuntque
471 1666 553 1725 iubas
574 1667 755 1744 inmaniaque
775 1682 826 1725 ora
846 1664 1009 1739 recludunt,

195 1750 363 1829 Damnaque
383 1758 624 1825 commemorant,
649 1768 702 1809 seu
720 1752 776 1809 iam
797 1749 850 1809 sub
873 1749 997 1809 eulmine
1021 1749 1097 1807 huus

194 1835 343 1910 Excubat,
367 1838 483 1913 antiquo
506 1851 558 1893 seu
580 1834 689 1913 pendet
708 1835 803 1911 gloria
824 1835 901 1893 lucu.
1143 1840 1195 1895 195

259 1919 297 1979 At
316 1920 396 1979 ferus
416 1918 619 1997 Hippomedon
637 1937 807 1997 quamquam
828 1921 884 1978 iam
902 1917 992 1977 sentit
1012 1917 1096 1976 inane

194 2004 341 2064 Auxilium
363 2013 392 2063 et
414 2022 510 2063 seram
528 2012 611 2081 rapto
631 2020 685 2083 pro
706 2020 833 2081 corpore
853 2017 988 2082 pugnam,

195 2089 220 2149 lt
240 2098 337 2149 tamen
359 2097 388 2147 et
410 2106 529 2147 caecum
551 2096 627 2147 rotat
647 2087 854 2148 inrevocabilis
877 2104 987 2147 ensem.

194 2175 252 2234 Vix
272 2175 371 2233 socios
389 2173 578 2252 hostemque,
600 2171 737 2233 nihildum
758 2173 854 2233 tardet
874 2181 999 2247 euntem,

195 2261 379 2335 secernens,
401 2259 454 2318 sed
476 2259 568 2318 caede
586 2275 663 2318 nova
684 2260 740 2318 iam
761 2257 872 2318 lubrica
890 2257 979 2316 tellus
1143 2266 1196 2318 200

194 2345 343 2423 Armaque
366 2345 589 2422 seminecesque
610 2344 665 2402 viri
686 2360 846 2421 currusque
867 2342 954 2401 soloti

194 2427 347 2507 Inpediunt
367 2427 539 2506 laevumque
560 2427 670 2503 lemur,
695 2428 773 2506 quod
796 2427 917 2506 cuspide
935 2426 1022 2485 lixum

195 2513 288 2590 Regis
309 2510 457 2588 Echionii,
486 2529 539 2571 seu
559 2512 789 2572 dissimulaverat
811 2512 926 2587 ardens,

196 2599 266 2657 Sive
285 2596 325 2656 ibi
346 2598 506 2656 nescierat:
529 2606 671 2656 moestum
691 2595 771 2656 videt
792 2595 909 2675 Hoplea
926 2595 1050 2655 tandem.

196 2681 313 2758 Tydeos
336 2681 383 2741 hic
403 2683 498 2758 magui
521 2681 593 2741 lidus
616 2697 715 2740 comes
736 2690 766 2740 et
788 2681 875 2740 modo
897 2680 1003 2740 frustra
1142 2691 1194 2744 205

194 2767 346 2842 Armiger3
369 2765 514 2844 allpedem
534 2783 626 2843 prona
648 2767 765 2825 cervice
786 2764 907 2825 tenebat

193 2849 331 2911 Fatorum
349 2851 479 2926 ignarum
496 2850 602 2910 domini
622 2850 774 2928 solumque
795 2850 967 2909 frementem

194 2934 281 3010 Quod
301 2944 402 3010 vacet,
427 2937 514 3013 inque
539 2935 619 2994 acies
642 2935 793 2994 audentior
811 2934 864 2994 ille
887 2933 1054 3014 pedestres,

194 3019 278 3080 Hunc
300 3029 502 3098 aspernantem
523 3019 631 3079 tumido
653 3036 729 3078 nora
751 3019 882 3098 pondera
902 3028 988 3095 tergo
1009 3052 1051 3062 —-

194 3103 287 3164 Unam
307 3104 415 3182 quippe
433 3121 545 3164 manum
568 3104 681 3164 domitis
701 3113 839 3183 expertus
858 3104 895 3164 ab
914 3104 995 3162 aunis
1017 3137 1058 3148 -
1142 3114 1194 3169 210

84 3189 86 3200 ’
196 3188 325 3267 Corripit
342 3188 517 3266 edaturque:
540 3187 635 3262 ‘Quid
654 3206 672 3248 o
690 3206 765 3248 nova
783 3191 862 3249 iussa
881 3205 1013 3263 recusas,

193 3273 302 3334 lnlelix
323 3271 464 3352 sonipes?
494 3291 634 3353 nusquam
655 3273 707 3333 tibi
729 3274 816 3333 dulce
834 3272 954 3352 superbi

194 3357 288 3434 Regis
310 3373 396 3423 onus:
419 3375 476 3418 uon
497 3360 553 3418 iam
572 3357 681 3418 Aetolo
704 3357 850 3418 satiabere
872 3373 986 3435 campo,

194 3443 432 3519 Gaudentemque
450 3443 545 3503 iubam
563 3461 618 3522 per
637 3452 739 3520 stagna
755 3442 897 3502 Acheloia
918 3442 1028 3501 solves.

194 3525 282 3600 Quod
304 3535 453 3605 superest,
474 3545 575 3604 caros,
602 3529 627 3604 i,
652 3529 754 3589 saltem
775 3527 922 3586 ulciscere
939 3543 1040 3587 manes
1141 3537 1193 3590 215

193 3609 255 3671 Aut
276 3629 417 3690 sequere,
442 3620 588 3672 extorrem
610 3629 667 3672 neu
690 3621 720 3672 tu
741 3629 858 3691 quoque
882 3611 1005 3672 laeseris
1023 3607 1152 3671 umbram
1174 3670 1178 3677 ,

194 3693 334 3776 captivus
354 3696 548 3776 tumidumque
570 3700 696 3777 equitem
716 3705 786 3777 post
804 3696 904 3772 Tydea
926 3700 1051 3776 portes?
