2842 4300
465 361 665 412 nunnsrnos
682 362 752 411 nna.
770 363 820 412 rx.
1097 350 1159 412 203

224 520 388 581 Iamdudum
405 520 482 582 buno
503 530 603 581 eontra
629 520 752 581 stimulis
773 519 956 598 gravioribus
978 521 1061 581 ardet

158 606 239 668 Trux
257 606 473 680 Atalantiades,
495 604 618 666 neodunr
635 605 688 666 ille
707 607 877 684 quieverat,
900 605 978 665 iniit:

159 693 254 752 ‘Seru
275 692 361 750 etiam
381 691 410 749 in
430 689 561 766 Tbebas,
583 706 701 769 quarum
720 690 768 750 bie
790 690 954 765 exereitus,
975 708 1053 752 amre
1105 699 1158 754 too

157 776 298 841 Proioro;
322 776 451 855 quisnam
473 774 547 835 adeo
569 792 659 853 puer,
683 784 714 835 ut
736 774 849 834 bellare
870 783 990 833 recuset

160 857 301 922 Talibus?
323 858 469 921 Aroadiae
490 861 610 938 stirpem
632 869 664 919 et
682 860 747 919 iera
770 860 880 918 semina
902 860 1009 935 gentis,

159 945 227 1005 Non
244 943 381 1005 Thebana
402 944 499 1021 vides;
519 960 577 1005 non
598 960 645 1003 rne
668 943 723 1003 sub
745 952 833 1003 noete
854 942 951 1004 silenti

157 1030 255 1106 'l'bpas
278 1028 420 1091 Echionio
441 1030 577 1106 genetrix
598 1029 733 1089 famulata
755 1028 853 1105 Lyaeo

158 1114 273 1184 Edidit,
292 1114 366 1173 baud
387 1130 519 1192 umquam
540 1112 687 1174 deformes
707 1114 821 1173 vertice
842 1112 943 1173 mitras
1108 1122 1161 1177 795

156 1200 304 1261 Induimus
321 1199 457 1277 turpique
479 1216 562 1258 manu
582 1199 751 1258 iaotavimus
770 1197 891 1257 bustam.

158 1286 292 1346 Protinus
313 1283 468 1343 adstriotos
486 1282 572 1343 didioi
594 1292 713 1361 reptare
734 1298 791 1361 per
810 1298 911 1342 amnes

159 1368 388 1446 Horrendasque
409 1366 512 1428 domos
533 1384 700 1444 magnarum
718 1368 827 1427 intrare
848 1366 986 1440 terarum,

158 1453 199 1515 Et
220 1452 289 1532 quid
309 1452 392 1532 plura
414 1449 538 1531 loquar?
559 1484 601 1498 -
620 1452 729 1512 ierrum
748 1468 814 1511 mea
835 1468 955 1531 semper
973 1458 1004 1509 ot
1023 1466 1108 1511 arous

158 1538 255 1599 biater
274 1536 379 1612 babet,
397 1538 488 1597 vestri
510 1536 616 1597 ieriunt
637 1552 709 1597 uara
730 1545 865 1614 tympana
886 1539 1010 1613 patres?
1106 1546 1161 1598 800

159 1622 228 1684 Non
247 1621 310 1682 tulit
328 1621 472 1700 Amphion
490 1620 658 1699 vultumque
677 1630 708 1680 et
730 1622 758 1679 in
776 1637 829 1679 ora
847 1619 995 1698 loquentis

161 1706 264 1769 Telum
283 1708 395 1766 inmane
416 1714 509 1782 rotat,
531 1706 585 1766 sed
606 1705 677 1765 ierri
699 1704 806 1765 lumine
823 1704 887 1765 diro

160 1791 305 1852 Turbatus
325 1792 461 1868 sonipes,
486 1808 554 1849 sese
574 1790 777 1867 dominumque
797 1790 918 1849 retorsit

159 1877 193 1938 ln
215 1877 290 1937 latus
312 1884 399 1953 atque
423 1874 534 1935 aridam
556 1874 714 1933 transmisit
734 1874 837 1934 devius
857 1873 978 1934 bustam.

160 1961 268 2021 Aerior
289 1960 347 2019 boo
367 1962 501 2020 iuvenem
523 1959 624 2018 strieto
644 1974 783 2019 mucrone
802 1956 925 2036 petebat
1107 1968 1159 2022 &oa

160 2044 324 2124 Amphion,
349 2060 434 2123 quum
456 2062 489 2104 se
510 2042 606 2103 medio
627 2042 745 2103 Latonia
764 2058 868 2119 eampo

160 2130 244 2192 Inicit
265 2138 330 2190 ante
354 2128 473 2207 oeulos,
496 2130 571 2189 omni
592 2129 672 2188 stetit
690 2127 778 2188 obuia
795 2126 887 2187 vultu.

161 2215 310 2277 Haerebat
331 2215 428 2275 iuveni
450 2215 601 2276 devinotus
622 2229 722 2273 amore
741 2212 847 2291 pudioo

159 2299 321 2361 Maenalius
344 2299 495 2374 Doroeus,
519 2299 565 2358 eui
586 2297 665 2358 belia
688 2313 829 2377 suumque
850 2298 982 2358 timorem

160 2384 258 2445 Mater
275 2393 304 2444 et
325 2384 453 2444 audaoes
470 2383 554 2462 pueri
575 2382 761 2442 mundaverat
782 2399 883 2442 annos.
1107 2393 1162 2446 aro

161 2469 253 2529 Huius
274 2477 333 2528 tum
350 2467 432 2528 vultu
452 2467 507 2528 dea
526 2466 703 2528 dissimulata
724 2465 873 2546 profatur:

224 2552 388 2613 ‘Hactenus
410 2550 540 2630 Ogygias
559 2553 629 2612 eatis
650 2552 807 2612 infestasse
828 2559 974 2624 emenus,

162 2637 401 2716 Parthenopaee,
425 2639 510 2706 satis;
532 2637 657 2696 miserae
676 2638 732 2697 iam
753 2653 843 2712 paroe
861 2636 985 2713 parenti,

162 2722 257 2782 Paree
280 2721 362 2798 deis,
385 2723 559 2800 quicumque
581 2720 701 2782 invent’
741 2719 806 2779 Neo
826 2720 945 2778 territus
966 2718 1033 2780 iiie:

163 2805 266 2867 ‘Hune
286 2807 349 2867 sine
371 2824 433 2884 me,
456 2823 512 2866 nee
534 2805 617 2884 plura
635 2814 748 2884 petam,
771 2803 909 2864 ddissime
929 2802 1060 2879 Dorceu,
1110 2814 1162 2868 815

162 2893 303 2952 Sternere
324 2891 417 2968 humi,
440 2892 488 2971 qui
507 2891 566 2950 tela
587 2891 659 2949 meis
680 2891 759 2967 gerit
776 2888 890 2950 aemuia
913 2887 981 2948 tedis

163 2975 204 3036 lit
222 2976 332 3035 similes
354 2975 448 3036 oultus
470 2984 506 3036 et'
519 2975 602 3035 irena
624 2975 756 3035 sonantia
778 2974 876 3033 iaotst.

161 3059 259 3120 Frena
280 3077 397 3136 regam,
421 3061 514 3121 nultus
536 3058 652 3120 Triviae
674 3057 839 3138 pendebitis
860 3056 919 3118 aito

160 3143 287 3224 Limine,
311 3145 431 3222 captivis
451 3153 571 3204 matrem
594 3143 710 3204 donabo
731 3143 900 3222 pharetris!
1104 3176 1108 3182 ‹

163 3229 263 3290 Audiit
287 3238 316 3288 et
335 3229 423 3288 mixto
442 3231 506 3289 risit
527 3227 646 3290 Latonia
664 3229 749 3289 beru.
1111 3235 1165 3290 820

226 3313 347 3373 Viderat
369 3313 442 3374 bano
464 3313 540 3374 eoeli
563 3313 726 3373 iamdudum
745 3313 775 3371 in
796 3319 881 3390 parte
901 3321 1014 3372 remota

163 3397 318 3460 Gradiuum
335 3398 490 3475 eomplexa
511 3397 626 3474 Venus,
650 3397 776 3476 dumque
795 3397 880 3458 anxia
901 3395 1018 3457 Tbebas

163 3481 379 3544 Commemorat
401 3479 596 3563 Cadmumque
618 3483 683 3542 viro
706 3499 852 3561 raraeque
873 3489 1000 3560 nepotes

161 3567 347 3644 Harmoniae,
369 3583 503 3645 pressum
525 3569 614 3627 taeito
635 3566 689 3626 sub
713 3565 804 3628 eorde
822 3565 957 3627 dolorem

161 3651 349 3732 Tempestiva
370 3660 477 3714 moret.
508 3650 625 3712 ‘Nonne
646 3649 738 3729 bano,
761 3649 903 3729 Gradive,
922 3659 1090 3729 protervam
1110 3658 1164 3712 825
