2842 4300
372 377 403 425 a.
421 373 555 425 naemu
572 372 689 424 sunum
711 372 816 422 uuna
833 375 903 424 ms.
923 352 974 423 lu.
1113 360 1173 423 233

168 531 278 601 Utitur3
301 532 457 594 indomitos
478 542 509 593 nt
531 548 618 613 quum
638 530 768 607 llass'yla
789 548 935 610 perarua

168 617 301 679 Armenti
321 635 411 695 reges
430 634 536 696 magno
555 616 606 677 leo
626 615 717 695 fregit
735 617 814 676 hiatu

169 701 208 763 Et
229 710 383 762 contentas
405 701 478 771 abit;
501 701 584 763 rauci
605 710 674 761 tunc
700 702 830 761 cominus
851 700 923 776 ursi,

170 786 252 847 Tunc
274 786 350 847 avidi
367 804 479 849 venere
501 786 563 865 lupi
584 784 728 865 rabieque
748 786 873 846 remissa
1139 794 1174 847 30

169 870 310 933 lambunt
332 871 497 949 degeneres
519 871 634 931 alienae
654 870 776 931 vulnera
795 868 936 948 praedae.

233 954 308 1016 Hinc
325 957 430 1035 premit
447 954 651 1032 Eurymedon,
674 956 721 1015 nui
735 956 862 1015 rusticus
876 954 983 1013 horror
999 954 1140 1029 inarmis,

171 1040 291 1102 Rustica
311 1039 371 1101 tela
392 1058 476 1101 manu
498 1040 679 1120 patriumque
700 1040 812 1117 agitare
832 1039 990 1099 tumultum.

170 1125 230 1187 Pan
252 1126 295 1185 illi
314 1125 444 1202 genitor;
466 1134 551 1187 tener
568 1124 637 1185 hinc
657 1123 810 1185 conatibus
831 1140 923 1185 annos

97 1214 100 1289 j
169 1208 329 1289 Egreditur
347 1211 540 1289 iuvenemque
563 1218 675 1288 patrem
696 1227 773 1288 puer
790 1218 899 1287 aequat
916 1208 1065 1270 Alatreus.
1138 1216 1173 1269 35

169 1294 288 1356 Felices
309 1294 410 1371 ambo,
434 1294 487 1355 sed
507 1294 681 1355 fortunatior
702 1293 765 1370 ille,

172 1378 266 1453 Quem
288 1380 427 1457 genuisse
447 1380 540 1448 iuvat;
564 1396 622 1439 neo
639 1379 696 1439 iam
718 1378 895 1455 dignoscere
917 1386 1093 1456 promptum,

172 1463 256 1539 Quae
276 1466 368 1541 magis
388 1480 466 1525 arma
486 1472 605 1540 sonent,
629 1480 687 1543 qno
709 1463 777 1541 plus
799 1471 848 1523 eat
872 1462 955 1523 basta
973 1461 1096 1522 lacerto.

171 1549 310 1609 Arctatur
331 1548 423 1609 denso
443 1548 604 1625 fugientum
625 1548 758 1609 examine
778 1547 896 1607 vallum.

236 1632 315 1708 Quas
332 1633 445 1711 volvis,
467 1632 610 1709 Gradive,
633 1629 741 1718 viees‘l
761 1632 849 1692 modo
865 1633 981 1692 moenia
995 1628 1097 1691 (ladmi
1139 1639 1176 1693 to

171 1716 374 1794 scandebant,
397 1736 450 1779 sua
469 1735 546 1778 nuno
567 1717 727 1779 detendunt
748 1726 827 1777 tecta
849 1716 978 1794 Pelasgi.

172 1800 236 1864 Gau
257 1802 380 1863 redeunt
398 1801 507 1878 nubes,
530 1818 586 1862 ceu
608 1801 855 1862 circumdantibus
874 1801 991 1861 Austris

170 1887 310 1949 Alternus
330 1885 495 1965 procumbit
516 1902 605 1963 ager,
628 1903 683 1947 ceu
705 1887 822 1963 gurgite
843 1903 918 1945 cano

170 1972 255 2033 Nunc
276 1970 384 2049 retegit
405 1970 536 2047 bibulas,
559 1988 635 2031 nuno
656 1969 753 2030 obruit
774 1979 874 2031 aestus
892 1988 1007 2031 arenas.

234 2055 401 2117 Procumbit
422 2055 481 2117 late
502 2054 597 2134 pubes
618 2054 767 2131 Tirynthia
791 2055 898 2116 alumni
1141 2064 1175 2117 45

170 2140 300 2203 Exuvias
321 2142 429 2202 imitata
450 2140 513 2210 dei;
536 2149 603 2202 trux
623 2149 737 2202 moeret
757 2140 794 2202 ab
816 2141 903 2202 astris

171 2226 445 2307 Amphitryoniades
466 2225 616 2286 Nemeaea
638 2227 667 2286 in
689 2227 830 2304 sanguine
850 2235 945 2303 terga,

171 2311 210 2372 Et
232 2311 342 2372 similes
363 2327 461 2371 ramos
479 2309 649 2390 similesque
668 2310 773 2371 videre
793 2309 957 2390 pharetras.

172 2396 274 2456 Stabat
293 2397 322 2454 in
340 2394 501 2474 Argolicae
520 2395 631 2456 ferrato
652 2397 784 2472 margine
806 2395 894 2455 turris

171 2479 320 2559 Egregius
339 2479 410 2540 lituo
431 2480 526 2541 dextri
546 2478 687 2541 Mavortis
708 2479 839 2560 Enipeus
1142 2489 1177 2541 50

171 2565 327 2633 Hortator;
351 2565 404 2625 sed
425 2573 494 2624 tunc
515 2565 631 2625 miseris
652 2564 742 2625 dabat
762 2565 834 2625 utile
859 2565 972 2641 signum

172 2648 378 2729 Suadebatque
397 2649 495 2728 fugam
514 2659 544 2710 et
561 2657 639 2710 tutos
659 2651 688 2710 in
706 2659 803 2710 castra
820 2658 971 2727 receptus,

173 2734 267 2808 Quum
289 2733 413 2794 subitum
435 2733 554 2813 obliquo
575 2733 728 2794 descendit
748 2733 787 2794 ab
810 2750 880 2793 aere
901 2733 1006 2794 vulnus

171 2818 368 2897 Urgentisqne
391 2835 492 2878 sonum
512 2818 596 2879 laeva
617 2835 718 2878 manus
737 2836 808 2879 anre
829 2826 943 2879 retenta
965 2827 1022 2894 est,

173 2904 256 2965 Siout
277 2913 354 2972 erat;
377 2903 451 2981 fugit
471 2904 500 2963 in
519 2919 628 2963 uacuas
649 2903 705 2963 iarn
726 2903 846 2982 spiritus
867 2921 963 2980 auras,
1141 2913 1176 2968 55

172 2987 232 3049 lam
253 2987 351 3065 gelida
374 3005 425 3049 ora
446 2996 563 3063 tacent,
586 3004 703 3048 carmen
722 2987 792 3050 tuba
814 2987 878 3048 sola
899 2989 1026 3067 peregit.

237 3071 355 3150 lamque
377 3081 484 3150 potens
505 3072 652 3132 scelerum
672 3073 867 3152 geminaeque
887 3075 1018 3135 exercita
1038 3075 1134 3151 gentis

173 3158 322 3234 Sanguine
342 3155 501 3236 Tisiphone
522 3156 659 3217 fraterna
676 3157 796 3217 cludere
817 3158 932 3235 quaerit

171 3241 257 3302 Bella
278 3240 360 3309 tuba;
382 3259 438 3302 nee
458 3259 492 3302 se
514 3250 592 3302 tanta
614 3241 643 3300 in
663 3243 822 3302 certamina
842 3251 923 3302 retur

173 3325 336 3402 Susiane,
358 3324 470 3386 interna
490 3328 625 3386 comitem
646 3327 675 3385 ni
694 3325 768 3385 sede
788 3324 958 3403 Megaeram
1141 3335 1177 3389 6⁰

110 3405 114 3412 ’
172 3409 211 3472 Et
233 3411 467 3487 consanguineos
488 3411 518 3470 in
540 3410 655 3490 proelia
676 3412 800 3471 suscitet
820 3429 941 3488 angues.

171 3494 254 3573 Ergo
277 3495 382 3572 procul
402 3511 496 3556 vacua
518 3494 652 3556 consedit
672 3495 752 3555 valle
775 3495 929 3575 solumque

171 3579 252 3640 Ense
273 3579 346 3639 fodit
366 3579 488 3657 Stygio,
511 3588 667 3658 terraeque
688 3581 873 3639 inmurmurat
891 3579 1000 3642 absens

169 3663 301 3739 Nomen,
325 3673 354 3724 et
375 3662 485 3740 Elysiis
507 3665 619 3742 siguum
639 3663 828 3725 indubitabile
849 3666 960 3743 regnis,
