2842 4300
502 398 701 453 amusos
722 400 793 453 ΜΒ.
814 402 863 453 11.
1126 393 1185 454 197

183 552 265 613 Tunc
286 570 386 614 ensem
403 552 577 634 galeamque
595 556 674 635 rapit
693 556 881 637 clipeumque
895 559 1015 623 revellit
1130 574 1185 627 eoo

158 719 161 723 Ι
181 637 336 718 Hypseos,
356 639 574 719 exanimumque
595 648 698 703 teneus
719 660 811 720 super
827 642 1078 722 Hippomedonta:

184 723 334 803 ‘Accipe,
356 724 410 799 uit,
433 724 516 787 simul
538 724 679 803 hostiles,
702 725 760 790 dax
777 746 900 805 moe,
920 738 1045 809 tuasque

181 808 329 884 Exuvias,
348 810 446 869 veniet
469 810 561 869 oiuari
583 808 674 871 dacus
696 820 727 871 et
748 828 817 873 auus
839 812 914 873 ordo
1020 871 1023 876 ⁴
1105 841 1107 844 ·

181 892 328 961 llauibus;
348 892 461 957 interea
481 894 573 955 iustos
596 894 663 955 dum
681 894 828 958 reddimus
850 898 945 975 ignes,
1128 964 1130 966 ,

182 978 246 1041 Hoc
268 978 347 1039 ultor
368 976 522 1057 Capaneus
543 980 640 1058 operit
661 988 710 1041 tua
730 981 861 1043 membru
882 983 1045 1061 sepulcro'
1131 996 1182 1050 565

247 1064 296 1123 Sic
317 1081 428 1142 anceps
446 1064 517 1125 dura
538 1063 611 1127 belli
632 1066 698 1125 vice
721 1075 817 1128 muana
838 1064 934 1129 Graiis

182 1148 368 1227 Sidoniisque
389 1148 473 1209 simul
497 1148 635 1211 nectebat
655 1149 777 1211 vulnera
797 1150 925 1213 mavors

181 1232 237 1293 llic
258 1233 338 1293 ierus
360 1232 581 1311 Hippomedon,
602 1234 662 1297 illio
685 1251 743 1295 non
762 1236 884 1312 segnior
900 1237 1038 1317 llypseus

181 1317 298 1393 Fletur,
322 1326 352 1377 et
374 1318 478 1377 alterni
499 1316 642 1397 praebent
662 1319 767 1379 solatia
787 1319 892 1382 luctus.
938 1338 955 1357 ,-

181 1401 325 1463 Tristibus
347 1402 459 1463 interea
481 1418 611 1463 somnum
628 1403 744 1467 umbrie
762 1403 864 1481 figuris
1129 1418 1183 1473 570

183 1487 280 1547 Torua
302 1488 455 1564 sagittiferi
477 1496 568 1549 mater
589 1486 728 1566 Tegeatis
745 1487 873 1567 Eplrebi,

94 1600 96 1605 ·
181 1570 270 1635 Crine
293 1571 359 1631 dato
383 1573 491 1651 passim
513 1572 677 1652 plausuque
700 1590 739 1633 ex
757 1590 841 1634 more
861 1573 976 1651 solutis,
1105 1614 1109 1622 ·

178 1656 257 1717 Ante
280 1658 356 1717 diem
377 1657 493 1734 gelidas
513 1657 574 1719 ibat
593 1654 719 1721 badonis
741 1656 779 1719 ad
799 1657 892 1719 undae

177 1742 340 1819 Purgatura
360 1742 466 1803 malum
485 1742 573 1803 llario
595 1742 713 1804 visente
734 1758 882 1821 soporem.

177 1824 312 1904 Namque
333 1843 388 1904 per
409 1827 544 1887 attonitas
567 1844 699 1887 curarum
721 1827 854 1905 pondere
872 1837 978 1889 noctes
1130 1842 1182 1897 575

179 1911 279 1989 Saepe
302 1920 332 1970 et
354 1909 491 1988 delapsas
513 1910 625 1987 adytis,
649 1928 722 1989 quas
742 1912 808 1991 ipsa
829 1912 951 1990 dicarat,

176 1994 327 2071 Exuvias,
351 2012 443 2073 seque
461 1996 569 2072 ignotis
590 2012 691 2055 errare
712 1995 860 2075 sepulcris

177 2079 336 2140 Exterrem
356 2080 482 2141 nemoris
502 2078 708 2159 Dryadumque
728 2098 745 2141 a
763 2079 855 2160 plebe
874 2080 1013 2160 fugatum,

178 2167 278 2244 Saepe
300 2181 393 2224 novos
412 2167 471 2226 nab
492 2163 572 2224 bello
594 2165 720 2231 rediisse
739 2165 910 2244 triumphos,

177 2249 327 2329 Armaque
346 2259 376 2309 et
396 2249 543 2328 alipedem
563 2258 661 2316 notum
683 2251 864 2329 comitesque
882 2250 1013 2328 uidebat,
1125 2264 1180 2319 teo

177 2333 328 2413 Nusquam
347 2335 458 2413 ipsum,
481 2352 558 2396 nune
578 2353 619 2396 ex
639 2333 766 2409 humeris
784 2335 905 2396 duxissa
922 2336 1085 2415 pharetras,

176 2417 362 2497 Elligiesque
384 2437 452 2480 suus
473 2418 685 2500 simulacraque
708 2429 776 2480 nota
796 2421 930 2482 cremari.

177 2504 358 2582 Praecipuos
384 2503 437 2564 sed
458 2505 533 2564 euim
549 2503 601 2566 illa
619 2513 713 2568 metus
734 2505 914 2584 portendere
935 2507 998 2568 visa

177 2587 250 2650 Nox
267 2589 392 2651 miserae
411 2596 533 2666 totoque
555 2589 651 2650 erexit
672 2599 797 2668 pectore
816 2599 946 2652 matrem.

246 2671 322 2732 Nota
340 2691 395 2752 per
414 2671 556 2737 Arcadias
573 2672 655 2738 felici
670 2673 780 2734 robore
801 2673 891 2734 silvae·
1124 2689 1177 2742 565

178 2757 313 2832 Quercus
334 2767 411 2834 erut,
436 2757 552 2822 Triviae
572 2775 656 2836 quam
678 2757 886 2818 desacraverat
904 2759 967 2836 ipsa

176 2841 313 2906 Electam
333 2841 416 2904 turbs
436 2859 585 2904 nemmem
604 2859 768 2921 numenque
789 2841 913 2904 colendo

84 2934 85 2942 ’
177 2925 319 2994 Fecerat3
340 2925 389 2988 bic
409 2945 495 2992 arcus
514 2935 545 2988 et
565 2926 645 2988 fessa
664 2943 813 3006 reponere
829 2927 890 2988 tela

84 3009 85 3012 ’
177 3011 327 3090 Armaque
349 3029 438 3074 cursa
454 3029 550 3086 suom,
571 3019 601 3071 et
618 3027 778 3074 saeuorum
793 3017 880 3090 terga
896 3011 1014 3075 leonum

178 3095 287 3174 Figere
310 3104 339 3156 et
359 3096 493 3173 ingentes
515 3097 668 3174 aequantia
686 3113 794 3158 cornua
816 3097 915 3158 silvas.
1124 3109 1177 3164 590

177 3180 237 3240 Vix
257 3180 343 3242 ramis
364 3179 464 3257 locus,
487 3189 622 3258 agrestes
640 3180 716 3242 adeo
737 3183 831 3242 omnia
852 3183 971 3260 cingunt

177 3264 327 3340 Etruriae,
351 3272 381 3324 et
400 3264 522 3326 viridem
541 3264 613 3326 lerri
634 3267 711 3326 nitor
731 3266 842 3344 inpedit
862 3267 1001 3329 umbram.

178 3349 277 3427 Hauc,
300 3357 330 3408 ut
350 3347 428 3410 forte
449 3349 525 3428 iugis
546 3350 636 3428 longo
658 3351 776 3414 delessa
796 3349 910 3412 redibat

178 3435 310 3510 Venatu,
334 3433 421 3493 modo
442 3443 524 3512 rapta
542 3434 630 3496 ieron
649 3433 872 3511 Erymanthidos
892 3455 980 3500 ursae

84 3559 85 3562 ,
179 3517 237 3578 Ora
259 3517 375 3595 ferens,
398 3516 488 3580 multo
511 3519 689 3598 proscissam
709 3519 831 3580 uulnere
849 3522 943 3583 ceruit
1123 3532 1176 3587 595

177 3601 362 3681 Deposuisse
383 3617 494 3664 comam
516 3612 545 3664 et
563 3613 698 3666 rorantes
722 3605 861 3683 sangmue
881 3623 977 3669 metes

84 3753 85 3770 ,
178 3684 338 3765 Expirasse
361 3687 444 3755 solo;
468 3689 619 3766 quaerenti
636 3687 769 3768 Nympha
789 3699 925 3753 cruentas

1338 2789 1340 2796 t

1338 2811 1340 2820 ι

1338 2823 1340 2830 ι

1338 3255 1340 3264 s
