2842 4300
150 301 152 309 ¹
217 328 276 390 122
564 342 596 390 Ρ.
619 340 755 392 anatum
773 340 891 403 sanan

212 497 325 574 Litora,
348 505 377 556 et
398 503 550 576 angustum
571 496 701 560 dominas
723 515 784 559 non
803 497 934 579 explieat
953 514 1075 579 aequor.

212 581 267 657 llla
288 580 338 641 ubi
359 580 494 642 discusso
517 581 637 661 primum
655 583 734 644 subit
751 601 821 645 aera
842 592 944 663 ponto,
1181 593 1219 649 ³0
1347 660 1348 665 γ

143 735 146 740 ,
214 665 280 726 ‘lle
303 667 376 745 petit
396 665 486 742 haee,
506 665 574 726 mihi
597 667 719 744 elassis,
743 669 799 743 ait,
820 666 936 730 funesta
955 668 1103 730 minatur?

214 750 356 828 Agnosco
377 751 501 811 monitus
523 759 552 812 et
570 750 678 812 Protea
698 769 771 812 tera
792 752 930 814 loeutum.

212 833 295 896 ane
316 851 421 896 novam
441 835 555 896 Priamo
576 835 690 897 facibus
712 836 750 896 de
772 854 871 915 puppe
892 837 998 899 levatis

213 918 285 980 Fert
305 912 430 980 Bellona
451 937 567 990 nurum;
589 918 679 980 video
699 919 756 983 iam
776 921 856 983 mille
880 922 987 983 earinis
1012 933 1016 936 ’
1108 974 1114 996 ,
1347 972 1348 1007 q

110 1013 113 1019 '
211 1003 325 1066 lonium
342 1003 552 1084 Aegaeumque
575 1005 681 1084 premi;
705 1023 762 1066 neo
782 1005 905 1081 suffieit,
928 1001 1044 1068 omnis'
1127 1063 1135 1074 .
1182 1017 1219 1071 35

214 1088 300 1164 Quod
319 1089 408 1168 plaga
426 1086 619 1168 Graiugenum
642 1091 758 1151 tumidis
776 1090 908 1150 ooniarat
929 1091 1050 1153 Atridis.

191 1171 273 1234 ,lam
296 1173 405 1252 pelago
426 1175 573 1253 terrisque
592 1191 675 1236 meus
697 1183 856 1254 quaeretur
876 1173 1023 1252 Achilles,

212 1255 252 1318 Et
273 1257 355 1318 volet
372 1259 438 1338 ipse
457 1259 552 1338 sequi.
597 1257 680 1337 Quidv
695 1259 772 1322 enim
793 1257 936 1320 ounahula
958 1277 1051 1341 parvo
1176 1295 1184 1336 :-

211 1340 317 1403 Pelion
335 1350 365 1403 et
385 1343 462 1404 torri
484 1343 677 1404 commisimus
701 1354 782 1406 antra
803 1341 955 1421 magistri?

184 1477 190 1484 .
212 1425 296 1504 lllio,
318 1427 347 1486 ni
367 1425 471 1504 fallor,
495 1425 812 1507 haptiharum-proelia
833 1427 923 1488 ludit.
1182 1437 1219 1492 40

212 1509 359 1591 Inprohus
382 1519 412 1572 et
433 1511 525 1590 patria
543 1513 600 1572 ism
617 1530 658 1572 se
670 1513 786 1574 metitur
807 1513 837 1572 in
855 1511 949 1572 hasta.
1059 1518 1063 1522 ’
1151 1528 1156 1539 ’

215 1593 634 1672 0t010r‚-o-sertmatom0
655 1596 685 1655 in
707 1595 798 1657 corle
818 1595 954 1656 timores!
1034 1631 1037 1638 -

214 1677 282 1739 Non
301 1680 384 1759 potui
406 1679 524 1756 intotis,
547 1697 635 1760 quum
656 1681 779 1759 primun
801 1681 829 1740 in
850 1679 967 1758 gurgite
989 1690 1091 1743 rostro

213 1762 386 1824 Rhoetaeae
408 1763 547 1824 tesidere
560 1762 687 1840 trahes,
710 1764 847 1836 attollere
860 1782 1003 1842 magnam

214 1847 339 1927 Aequor
359 1856 391 1909 et
411 1848 514 1909 incesti
537 1847 693 1927 praedonis
709 1849 779 1910 uela
800 1848 946 1928 profunda
1163 1904 1165 1909 .
1185 1859 1221 1916 45

216 1931 404 2012 Tempestate
426 1932 513 2011 sequi
525 1941 710 2012 eunetasque
734 1933 845 1994 inferro
862 1929 1011 1994 sororesl.
1121 1930 1133 1987 .‘

214 2015 299 2077 Nune
319 2033 453 2098 quoque,
477 2018 531 2078 sed
552 2017 664 2078 tardum
685 2026 750 2094 est,
774 2019 831 2083 iam
852 2017 941 2096 plena
962 2013 1065 2078 iniuria
1083 2025 1199 2097 raptae.

214 2101 268 2163 lho
291 2109 388 2167 mman
409 2101 570 2182 pelagique
592 2101 666 2165 deos
689 2101 881 2181 dextramque
898 2101 1036 2178 saenadi,
1061 2148 1063 2156 .
1131 2156 1136 2163 .

216 2185 303 2260 Quod
324 2195 477 2266 superest,
500 2186 656 2266 complexa
677 2186 774 2263 levis,
797 2204 853 2265 per
870 2185 1001 2262 Tethyos
1021 2202 1113 2247 annos

216 2268 475 2349 Grandaevumque
497 2280 609 2348 patrem
632 2269 760 2349 supplex
779 2270 945 2332 miseranda
965 2269 1080 2348 rogabo
1184 2282 1221 2335 50

217 2353 311 2415 Unam
327 2354 473 2417 hiemem'
514 2354 809 2433 Dixit-magnumque
824 2356 855 2415 ia
874 2364 1009 2433 tempore
1030 2373 1133 2433 regam
1196 2412 1200 2415 .

215 2438 360 2518 Adspieit.
403 2437 533 2499 Oceano.
544 2436 682 2497 veniebat
695 2436 740 2499 -ah
757 2438 892 2517 hospite,
914 2439 1025 2514 mensip

215 2523 322 2583 Laetus
344 2531 374 2583 et
395 2538 545 2601 aequoreo
566 2522 688 2583 diffusus
707 2531 830 2584 nectare
851 2519 986 2599 vultus,’

215 2607 300 2669 Unde
321 2606 433 2667 hiemes
455 2605 593 2687 ventique
615 2607 703 2667 silent
724 2616 868 2687 cantuque
888 2610 988 2686 quieto
1097 2623 1100 2626 ·

214 2691 364 2769 Armigeri
383 2690 518 2753 Tritones
540 2700 625 2768 eunt,
648 2692 869 2771 scopulosaque
892 2701 960 2753 cete
1040 2725 1044 2735 ·
1182 2705 1218 2759 65
1329 2763 1335 2767 ,

215 2774 418 2855 Tyrrhenique
440 2794 550 2855 greges
572 2778 747 2856 oireumque
760 2776 894 2857 infraque
914 2786 1045 2843 rotantm
1346 2771 1348 2782 ‘

215 2858 301 2937 Rege
323 2860 463 2931 salutato;
484 2860 609 2940 plaoialis
631 2862 697 2941 ipse
717 2861 824 2925 arduus
845 2862 929 2924 undis

215 2943 331 3005 Eminet
342 2954 383 3019 ‚et
403 2945 512 3025 triplioi
528 2945 590 3005 telo
609 2944 690 3008 iubet
710 2948 755 3007 ire
771 2947 899 3025 iugales.

215 3028 263 3090 llli
282 3029 457 3110 spumiferos
479 3030 642 3109 glomerant
663 3048 680 3091 a
701 3031 961 3112 pastoralitatem,
1025 3078 1028 3081 -

169 3166 174 3177 .
215 3112 297 3175 Pone
318 3120 416 3175 natant
438 3113 597 3195 delentque
617 3115 724 3197 pedum
743 3117 870 3195 vestigia
891 3117 993 3178 cautla.
1056 3162 1059 3168 .
1107 3184 1111 3190 ¹

216 3195 272 3259 Gui
294 3198 411 3260 Thetis:
434 3198 479 3259 ε0
501 3202 598 3279 magui
623 3210 724 3263 reetor
744 3204 920 3280 genitorque
941 3199 1089 3280 profundi,
1152 3247 1155 3254 .

214 3282 373 3364 Adspicis,
397 3284 426 3345 in
448 3286 551 3364 quales
569 3286 709 3350 miserum
726 3286 906 3366 puteieeeris
928 3304 998 3346 usas

213 3366 357 3448 Aequor?
377 3416 382 3424 .
399 3368 475 3431 Eunt
492 3372 560 3431 tutis
580 3380 723 3431 terraram
740 3371 858 3432 erimina
880 3370 967 3447 velis,

214 3450 262 3513 Ex
284 3470 343 3533 quo
364 3453 427 3515 iura
447 3455 515 3517 freti
535 3456 777 3534 maiestatemque
794 3462 945 3533 repostam
1004 3473 1007 3477 ⁴
1152 3473 1175 3523 ,z
1347 3463 1348 3536 t

214 3536 305 3617 Rupit
323 3536 438 3601 Iasonia
456 3541 562 3625 puppis
581 3540 732 3617 Pagasaea
749 3540 861 3619 rapina.
904 3537 907 3543 ’
1182 3547 1218 3603 65
1242 3599 1259 3617 ,Ι
1347 3575 1348 3614 1

213 3619 259 3683 Ila
277 3623 356 3687 aliud
377 3624 454 3685 lurto
476 3624 576 3689 saelus
598 3632 628 3685 at
648 3624 746 3705 spolia
766 3623 882 3705 hospita
904 3624 1024 3705 portans
1195 3680 1199 3686 .
1344 3643 1349 3948 q
