<?xml version="1.0" encoding="UTF-8"?>
<!DOCTYPE html PUBLIC "-//W3C//DTD XHTML 1.0 Transitional//EN"
    "http://www.w3.org/TR/xhtml1/DTD/xhtml1-transitional.dtd">
<html xmlns="http://www.w3.org/1999/xhtml" xml:lang="en" lang="en">
 <head>
  <title>
</title>
<meta http-equiv="Content-Type" content="text/html;charset=utf-8" />
  <meta name='ocr-system' content='tesseract 3.04.00' />
  <meta name='ocr-capabilities' content='ocr_page ocr_carea ocr_par ocr_line ocrx_word'/>
</head>
<body>
  <div class='ocr_page' id='page_1' title='image "./publiuspapinius01quecgoog/publiuspapinius01quecgoog_0446.png"; bbox 0 0 2842 4300; ppageno 0'>
   <div class='ocr_carea' id='block_1_1' title="bbox 485 378 848 431">
    <p class='ocr_par' dir='ltr' id='par_1_1' title="bbox 485 378 848 431">
     <span class='ocr_line' id='line_1_1' title="bbox 485 378 848 431; baseline -0.003 -2"><span class='ocrx_word' id='word_1_1' title='bbox 485 378 685 429; x_wconf 74' lang='lat' dir='ltr'><strong>meamus</strong></span> <span class='ocrx_word' id='word_1_2' title='bbox 706 379 777 427; x_wconf 76' lang='grc' dir='ltr'><strong>ΠΒ.</strong></span> <span class='ocrx_word' id='word_1_3' title='bbox 798 380 848 431; x_wconf 79' lang='lat' dir='ltr'><strong>XI.</strong></span> 
     </span>
    </p>
   </div>
   <div class='ocr_carea' id='block_1_2' title="bbox 160 534 1044 3750">
    <p class='ocr_par' dir='ltr' id='par_1_2' title="bbox 160 534 1044 3750">
     <span class='ocr_line' id='line_1_2' title="bbox 169 534 911 615; baseline -0.003 -18"><span class='ocrx_word' id='word_1_4' title='bbox 169 534 281 614; x_wconf 85' lang='lat' dir='ltr'><strong>Regina</strong></span> <span class='ocrx_word' id='word_1_5' title='bbox 302 534 445 597; x_wconf 75' lang='lat' dir='ltr'>extulerat</span> <span class='ocrx_word' id='word_1_6' title='bbox 461 544 560 597; x_wconf 87' lang='lat' dir='ltr'><strong>notum</strong></span> <span class='ocrx_word' id='word_1_7' title='bbox 580 534 780 615; x_wconf 74' lang='lat' dir='ltr'>penetralibus</span> <span class='ocrx_word' id='word_1_8' title='bbox 798 552 911 611; x_wconf 87' lang='lat' dir='ltr'><strong>ensem,</strong></span> 
     </span>
     <span class='ocr_line' id='line_1_3' title="bbox 168 619 906 699; baseline -0.004 -18"><span class='ocrx_word' id='word_1_9' title='bbox 168 620 277 681; x_wconf 85' lang='lat' dir='ltr'><strong>Ensem</strong></span> <span class='ocrx_word' id='word_1_10' title='bbox 299 620 467 699; x_wconf 81' lang='lat' dir='ltr'><strong>sceptriferi</strong></span> <span class='ocrx_word' id='word_1_11' title='bbox 488 621 614 699; x_wconf 92' lang='lat' dir='ltr'><strong>spolium</strong></span> <span class='ocrx_word' id='word_1_12' title='bbox 634 620 814 682; x_wconf 76' lang='lat' dir='ltr'><strong>lacrimabile</strong></span> <span class='ocrx_word' id='word_1_13' title='bbox 835 619 906 681; x_wconf 83' lang='lat' dir='ltr'><strong>lali.</strong></span> 
     </span>
     <span class='ocr_line' id='line_1_4' title="bbox 167 703 935 784; baseline 0 -19"><span class='ocrx_word' id='word_1_14' title='bbox 167 704 316 784; x_wconf 85' lang='lat' dir='ltr'><strong>blultaque</strong></span> <span class='ocrx_word' id='word_1_15' title='bbox 338 722 424 783; x_wconf 93' lang='lat' dir='ltr'><strong>quum</strong></span> <span class='ocrx_word' id='word_1_16' title='bbox 445 707 561 783; x_wconf 87' lang='lat' dir='ltr'><strong>superis</strong></span> <span class='ocrx_word' id='word_1_17' title='bbox 584 714 613 765; x_wconf 89' lang='lat' dir='ltr'><strong>et</strong></span> <span class='ocrx_word' id='word_1_18' title='bbox 635 706 698 766; x_wconf 91' lang='lat' dir='ltr'><strong>diro</strong></span> <span class='ocrx_word' id='word_1_19' title='bbox 721 714 825 783; x_wconf 86' lang='lat' dir='ltr'><strong>questa</strong></span> <span class='ocrx_word' id='word_1_20' title='bbox 846 703 935 765; x_wconf 89' lang='lat' dir='ltr'><strong>cubili</strong></span> 
     </span>
     <span class='ocr_line' id='line_1_5' title="bbox 167 788 838 869; baseline 0 -20"><span class='ocrx_word' id='word_1_21' title='bbox 167 788 206 849; x_wconf 82' lang='lat' dir='ltr'><strong>llt</strong></span> <span class='ocrx_word' id='word_1_22' title='bbox 229 790 286 849; x_wconf 89' lang='lat' dir='ltr'><strong>nati</strong></span> <span class='ocrx_word' id='word_1_23' title='bbox 307 788 389 849; x_wconf 90' lang='lat' dir='ltr'><strong>furiis</strong></span> <span class='ocrx_word' id='word_1_24' title='bbox 412 799 441 849; x_wconf 91' lang='lat' dir='ltr'><strong>et</strong></span> <span class='ocrx_word' id='word_1_25' title='bbox 462 791 546 869; x_wconf 89' lang='lat' dir='ltr'><strong>primi</strong></span> <span class='ocrx_word' id='word_1_26' title='bbox 564 791 695 867; x_wconf 91' lang='lat' dir='ltr'><strong>coniugis</strong></span> <span class='ocrx_word' id='word_1_27' title='bbox 718 790 838 864; x_wconf 86' lang='lat' dir='ltr'><strong>umbris,</strong></span> 
     </span>
     <span class='ocr_line' id='line_1_6' title="bbox 166 873 1001 953; baseline 0.002 -20"><span class='ocrx_word' id='word_1_28' title='bbox 166 873 286 935; x_wconf 85' lang='lat' dir='ltr'><strong>Luctata</strong></span> <span class='ocrx_word' id='word_1_29' title='bbox 306 883 352 934; x_wconf 87' lang='lat' dir='ltr'><strong>cst</strong></span> <span class='ocrx_word' id='word_1_30' title='bbox 373 874 492 952; x_wconf 85' lang='lat' dir='ltr'><strong>dextra,</strong></span> <span class='ocrx_word' id='word_1_31' title='bbox 514 884 545 935; x_wconf 87' lang='lat' dir='ltr'><strong>et</strong></span> <span class='ocrx_word' id='word_1_32' title='bbox 565 892 659 953; x_wconf 93' lang='lat' dir='ltr'><strong>prono</strong></span> <span class='ocrx_word' id='word_1_33' title='bbox 676 876 727 935; x_wconf 85' lang='lat' dir='ltr'><strong>vix</strong></span> <span class='ocrx_word' id='word_1_34' title='bbox 748 884 870 953; x_wconf 89' lang='lat' dir='ltr'><strong>pectore</strong></span> <span class='ocrx_word' id='word_1_35' title='bbox 891 873 1001 935; x_wconf 88' lang='lat' dir='ltr'><strong>ferrum</strong></span> 
     </span>
     <span class='ocr_line' id='line_1_7' title="bbox 166 957 867 1039; baseline 0 -20"><span class='ocrx_word' id='word_1_36' title='bbox 166 957 285 1019; x_wconf 74' lang='lat' dir='ltr'><strong>Intravit</strong></span> <span class='ocrx_word' id='word_1_37' title='bbox 304 960 436 1033; x_wconf 87' lang='lat' dir='ltr'><strong>tandem,</strong></span> <span class='ocrx_word' id='word_1_38' title='bbox 456 968 485 1019; x_wconf 90' lang='lat' dir='ltr'><strong>et</strong></span> <span class='ocrx_word' id='word_1_39' title='bbox 506 978 598 1020; x_wconf 84' lang='lat' dir='ltr'><strong>venas</strong></span> <span class='ocrx_word' id='word_1_40' title='bbox 619 961 753 1039; x_wconf 84' lang='lat' dir='ltr'><strong>prorupit</strong></span> <span class='ocrx_word' id='word_1_41' title='bbox 773 959 867 1019; x_wconf 88' lang='lat' dir='ltr'><strong>aniles</strong></span> 
     </span>
     <span class='ocr_line' id='line_1_8' title="bbox 166 1042 914 1122; baseline -0.001 -20"><span class='ocrx_word' id='word_1_42' title='bbox 166 1042 296 1120; x_wconf 80' lang='lat' dir='ltr'>Vulnus,</span> <span class='ocrx_word' id='word_1_43' title='bbox 320 1053 349 1105; x_wconf 90' lang='lat' dir='ltr'><strong>et</strong></span> <span class='ocrx_word' id='word_1_44' title='bbox 369 1044 471 1105; x_wconf 81' lang='lat' dir='ltr'><strong>infelix</strong></span> <span class='ocrx_word' id='word_1_45' title='bbox 489 1045 626 1105; x_wconf 73' lang='lat' dir='ltr'><strong>lustflatur</strong></span> <span class='ocrx_word' id='word_1_46' title='bbox 647 1046 788 1122; x_wconf 85' lang='lat' dir='ltr'><strong>sanguiue</strong></span> <span class='ocrx_word' id='word_1_47' title='bbox 809 1043 914 1105; x_wconf 90' lang='lat' dir='ltr'><strong>lectus.</strong></span> 
     </span>
     <span class='ocr_line' id='line_1_9' title="bbox 166 1126 854 1209; baseline 0 -20"><span class='ocrx_word' id='word_1_48' title='bbox 166 1126 248 1189; x_wconf 90' lang='lat' dir='ltr'><strong>Illius</strong></span> <span class='ocrx_word' id='word_1_49' title='bbox 272 1130 341 1189; x_wconf 85' lang='lat' dir='ltr'><strong>exili</strong></span> <span class='ocrx_word' id='word_1_50' title='bbox 361 1130 530 1190; x_wconf 89' lang='lat' dir='ltr'><strong>stridentem</strong></span> <span class='ocrx_word' id='word_1_51' title='bbox 547 1132 575 1189; x_wconf 93' lang='lat' dir='ltr'><strong>in</strong></span> <span class='ocrx_word' id='word_1_52' title='bbox 593 1139 717 1209; x_wconf 88' lang='lat' dir='ltr'><strong>pectore</strong></span> <span class='ocrx_word' id='word_1_53' title='bbox 739 1129 854 1208; x_wconf 88' lang='lat' dir='ltr'><strong>plagam</strong></span> 
     </span>
     <span class='ocr_line' id='line_1_10' title="bbox 165 1211 926 1294; baseline -0.001 -21"><span class='ocrx_word' id='word_1_54' title='bbox 165 1211 281 1273; x_wconf 89' lang='lat' dir='ltr'><strong>lsmene</strong></span> <span class='ocrx_word' id='word_1_55' title='bbox 304 1214 438 1292; x_wconf 86' lang='lat' dir='ltr'><strong>collapsa</strong></span> <span class='ocrx_word' id='word_1_56' title='bbox 458 1232 547 1294; x_wconf 89' lang='lat' dir='ltr'><strong>super</strong></span> <span class='ocrx_word' id='word_1_57' title='bbox 569 1215 755 1292; x_wconf 76' lang='lat' dir='ltr'><strong>lacrimisque</strong></span> <span class='ocrx_word' id='word_1_58' title='bbox 776 1214 926 1292; x_wconf 90' lang='lat' dir='ltr'><strong>comisque</strong></span> 
     </span>
     <span class='ocr_line' id='line_1_11' title="bbox 166 1296 907 1378; baseline 0 -21"><span class='ocrx_word' id='word_1_59' title='bbox 166 1296 304 1359; x_wconf 81' lang='lat' dir='ltr'><strong>siccabat</strong></span> <span class='ocrx_word' id='word_1_60' title='bbox 323 1298 479 1375; x_wconf 86' lang='lat' dir='ltr'><strong>plangens;</strong></span> <span class='ocrx_word' id='word_1_61' title='bbox 500 1299 594 1378; x_wconf 89' lang='lat' dir='ltr'><strong>qualis</strong></span> <span class='ocrx_word' id='word_1_62' title='bbox 615 1298 815 1359; x_wconf 83' lang='lat' dir='ltr'><strong>Marathonide</strong></span> <span class='ocrx_word' id='word_1_63' title='bbox 832 1298 907 1359; x_wconf 82' lang='lat' dir='ltr'><strong>silua</strong></span> 
     </span>
     <span class='ocr_line' id='line_1_12' title="bbox 165 1378 893 1463; baseline 0.001 -22"><span class='ocrx_word' id='word_1_64' title='bbox 165 1378 288 1441; x_wconf 83' lang='lat' dir='ltr'><strong>Flebilis</strong></span> <span class='ocrx_word' id='word_1_65' title='bbox 307 1380 437 1459; x_wconf 80' lang='lat' dir='ltr'><strong>Erigone</strong></span> <span class='ocrx_word' id='word_1_66' title='bbox 459 1384 540 1443; x_wconf 89' lang='lat' dir='ltr'><strong>caesi</strong></span> <span class='ocrx_word' id='word_1_67' title='bbox 560 1400 655 1463; x_wconf 93' lang='lat' dir='ltr'><strong>prope</strong></span> <span class='ocrx_word' id='word_1_68' title='bbox 678 1383 781 1443; x_wconf 88' lang='lat' dir='ltr'><strong>funera</strong></span> <span class='ocrx_word' id='word_1_69' title='bbox 801 1383 893 1462; x_wconf 89' lang='lat' dir='ltr'><strong>patris</strong></span> 
     </span>
     <span class='ocr_line' id='line_1_13' title="bbox 166 1465 977 1546; baseline 0.002 -21"><span class='ocrx_word' id='word_1_70' title='bbox 166 1465 324 1539; x_wconf 80' lang='lat' dir='ltr'><strong>Questibus</strong></span> <span class='ocrx_word' id='word_1_71' title='bbox 347 1466 506 1546; x_wconf 88' lang='lat' dir='ltr'><strong>absumptis</strong></span> <span class='ocrx_word' id='word_1_72' title='bbox 528 1470 639 1529; x_wconf 88' lang='lat' dir='ltr'><strong>tristem</strong></span> <span class='ocrx_word' id='word_1_73' title='bbox 656 1469 713 1529; x_wconf 92' lang='lat' dir='ltr'><strong>iam</strong></span> <span class='ocrx_word' id='word_1_74' title='bbox 730 1468 849 1529; x_wconf 83' lang='lat' dir='ltr'><strong>solvere</strong></span> <span class='ocrx_word' id='word_1_75' title='bbox 870 1467 977 1527; x_wconf 90' lang='lat' dir='ltr'><strong>nodum</strong></span> 
     </span>
     <span class='ocr_line' id='line_1_14' title="bbox 167 1546 920 1631; baseline 0 -20"><span class='ocrx_word' id='word_1_76' title='bbox 167 1546 333 1629; x_wconf 83' lang='lat' dir='ltr'><strong>Coeperat,</strong></span> <span class='ocrx_word' id='word_1_77' title='bbox 353 1560 382 1611; x_wconf 88' lang='lat' dir='ltr'><strong>et</strong></span> <span class='ocrx_word' id='word_1_78' title='bbox 401 1552 494 1613; x_wconf 90' lang='lat' dir='ltr'><strong>fortes</strong></span> <span class='ocrx_word' id='word_1_79' title='bbox 514 1571 610 1613; x_wconf 88' lang='lat' dir='ltr'><strong>ramos</strong></span> <span class='ocrx_word' id='word_1_80' title='bbox 630 1553 768 1613; x_wconf 89' lang='lat' dir='ltr'><strong>moritura</strong></span> <span class='ocrx_word' id='word_1_81' title='bbox 789 1551 920 1631; x_wconf 86' lang='lat' dir='ltr'><strong>legebat.</strong></span> 
     </span>
     <span class='ocr_line' id='line_1_15' title="bbox 229 1634 956 1716; baseline 0.003 -21"><span class='ocrx_word' id='word_1_82' title='bbox 229 1634 344 1697; x_wconf 81' lang='lat' dir='ltr'><strong>Atiam</strong></span> <span class='ocrx_word' id='word_1_83' title='bbox 365 1636 443 1697; x_wconf 90' lang='lat' dir='ltr'><strong>laeta</strong></span> <span class='ocrx_word' id='word_1_84' title='bbox 462 1637 565 1697; x_wconf 90' lang='lat' dir='ltr'><strong>dueum</strong></span> <span class='ocrx_word' id='word_1_85' title='bbox 586 1656 656 1716; x_wconf 86' lang='lat' dir='ltr'><strong>spes</strong></span> <span class='ocrx_word' id='word_1_86' title='bbox 679 1638 804 1697; x_wconf 85' lang='lat' dir='ltr'><strong>elusisse</strong></span> <span class='ocrx_word' id='word_1_87' title='bbox 824 1637 956 1712; x_wconf 86' lang='lat' dir='ltr'><strong>duorum,</strong></span> 
     </span>
     <span class='ocr_line' id='line_1_16' title="bbox 164 1719 892 1801; baseline 0.001 -21"><span class='ocrx_word' id='word_1_88' title='bbox 164 1719 227 1781; x_wconf 89' lang='lat' dir='ltr'><strong>Res</strong></span> <span class='ocrx_word' id='word_1_89' title='bbox 249 1720 437 1800; x_wconf 84' lang='lat' dir='ltr'><strong>Amphionias</strong></span> <span class='ocrx_word' id='word_1_90' title='bbox 456 1722 514 1781; x_wconf 92' lang='lat' dir='ltr'><strong>alic</strong></span> <span class='ocrx_word' id='word_1_91' title='bbox 539 1731 745 1801; x_wconf 87' lang='lat' dir='ltr'><strong>sceptrumque</strong></span> <span class='ocrx_word' id='word_1_92' title='bbox 766 1722 892 1798; x_wconf 76' lang='lat' dir='ltr'><strong>maligue</strong></span> 
     </span>
     <span class='ocr_line' id='line_1_17' title="bbox 165 1803 942 1884; baseline -0.003 -19"><span class='ocrx_word' id='word_1_93' title='bbox 165 1804 366 1867; x_wconf 84' lang='lat' dir='ltr'><strong>Transtulerat</strong></span> <span class='ocrx_word' id='word_1_94' title='bbox 385 1803 512 1873; x_wconf 83' lang='lat' dir='ltr'><strong>Fortuna</strong></span> <span class='ocrx_word' id='word_1_95' title='bbox 527 1824 627 1882; x_wconf 88' lang='lat' dir='ltr'><strong>manu,</strong></span> <span class='ocrx_word' id='word_1_96' title='bbox 647 1805 806 1884; x_wconf 83' lang='lat' dir='ltr'><strong>Cadmique</strong></span> <span class='ocrx_word' id='word_1_97' title='bbox 822 1803 942 1867; x_wconf 89' lang='lat' dir='ltr'><strong>tenebat</strong></span> 
     </span>
     <span class='ocr_line' id='line_1_18' title="bbox 164 1887 978 1951; baseline -0.004 -1"><span class='ocrx_word' id='word_1_98' title='bbox 164 1888 232 1950; x_wconf 90' lang='lat' dir='ltr'><strong>lura</strong></span> <span class='ocrx_word' id='word_1_99' title='bbox 255 1887 361 1950; x_wconf 90' lang='lat' dir='ltr'><strong>Creon.</strong></span> <span class='ocrx_word' id='word_1_100' title='bbox 405 1888 496 1951; x_wconf 88' lang='lat' dir='ltr'><strong>bliser</strong></span> <span class='ocrx_word' id='word_1_101' title='bbox 516 1889 575 1951; x_wconf 87' lang='lat' dir='ltr'><strong>lreu</strong></span> <span class='ocrx_word' id='word_1_102' title='bbox 595 1889 740 1951; x_wconf 89' lang='lat' dir='ltr'><strong>bellorum</strong></span> <span class='ocrx_word' id='word_1_103' title='bbox 761 1888 912 1951; x_wconf 89' lang='lat' dir='ltr'><strong>terminos!</strong></span> <span class='ocrx_word' id='word_1_104' title='bbox 935 1888 978 1949; x_wconf 88' lang='lat' dir='ltr'><strong>illi</strong></span> 
     </span>
     <span class='ocr_line' id='line_1_19' title="bbox 163 1973 953 2052; baseline -0.004 -17"><span class='ocrx_word' id='word_1_105' title='bbox 163 1974 330 2052; x_wconf 87' lang='lat' dir='ltr'><strong>Pugnarant</strong></span> <span class='ocrx_word' id='word_1_106' title='bbox 350 1974 472 2045; x_wconf 70' lang='lat' dir='ltr'><strong>fratrem</strong></span> <span class='ocrx_word' id='word_1_107' title='bbox 494 1974 570 2035; x_wconf 88' lang='lat' dir='ltr'><strong>huuc</strong></span> <span class='ocrx_word' id='word_1_108' title='bbox 590 1984 620 2035; x_wconf 88' lang='lat' dir='ltr'><strong>et</strong></span> <span class='ocrx_word' id='word_1_109' title='bbox 640 1973 782 2036; x_wconf 83' lang='lat' dir='ltr'><strong>Mavortia</strong></span> <span class='ocrx_word' id='word_1_110' title='bbox 806 1975 953 2035; x_wconf 84' lang='lat' dir='ltr'><strong>clamant</strong></span> 
     </span>
     <span class='ocr_line' id='line_1_20' title="bbox 165 2058 1036 2138; baseline -0.003 -18"><span class='ocrx_word' id='word_1_111' title='bbox 165 2058 298 2135; x_wconf 86' lang='lat' dir='ltr'><strong>Semina,</strong></span> <span class='ocrx_word' id='word_1_112' title='bbox 322 2068 352 2119; x_wconf 90' lang='lat' dir='ltr'><strong>et</strong></span> <span class='ocrx_word' id='word_1_113' title='bbox 372 2060 511 2138; x_wconf 90' lang='lat' dir='ltr'><strong>inpensus</strong></span> <span class='ocrx_word' id='word_1_114' title='bbox 532 2060 643 2137; x_wconf 88' lang='lat' dir='ltr'><strong>patriae</strong></span> <span class='ocrx_word' id='word_1_115' title='bbox 665 2060 753 2137; x_wconf 88' lang='lat' dir='ltr'><strong>paulo</strong></span> <span class='ocrx_word' id='word_1_116' title='bbox 770 2068 836 2121; x_wconf 89' lang='lat' dir='ltr'><strong>ante</strong></span> <span class='ocrx_word' id='word_1_117' title='bbox 858 2058 1036 2119; x_wconf 79' lang='lat' dir='ltr'><strong>Menoeceus</strong></span> 
     </span>
     <span class='ocr_line' id='line_1_21' title="bbox 165 2140 870 2223; baseline 0 -19"><span class='ocrx_word' id='word_1_118' title='bbox 165 2140 310 2204; x_wconf 80' lang='lat' dir='ltr'><strong>Conciliat</strong></span> <span class='ocrx_word' id='word_1_119' title='bbox 334 2144 466 2223; x_wconf 90' lang='lat' dir='ltr'><strong>populis;</strong></span> <span class='ocrx_word' id='word_1_120' title='bbox 488 2144 601 2206; x_wconf 86' lang='lat' dir='ltr'><strong>scandit</strong></span> <span class='ocrx_word' id='word_1_121' title='bbox 621 2144 711 2206; x_wconf 90' lang='lat' dir='ltr'><strong>fatale</strong></span> <span class='ocrx_word' id='word_1_122' title='bbox 732 2155 870 2220; x_wconf 72' lang='lat' dir='ltr'><strong>tyraurms</strong></span> 
     </span>
     <span class='ocr_line' id='line_1_22' title="bbox 163 2227 929 2309; baseline -0.003 -21"><span class='ocrx_word' id='word_1_123' title='bbox 163 2227 285 2290; x_wconf 86' lang='lat' dir='ltr'><strong>Flebilis</strong></span> <span class='ocrx_word' id='word_1_124' title='bbox 305 2227 418 2290; x_wconf 80' lang='lat' dir='ltr'><strong>Aoniae</strong></span> <span class='ocrx_word' id='word_1_125' title='bbox 439 2229 553 2290; x_wconf 85' lang='lat' dir='ltr'><strong>solium.</strong></span> <span class='ocrx_word' id='word_1_126' title='bbox 593 2228 649 2289; x_wconf 87' lang='lat' dir='ltr'><strong>Pro</strong></span> <span class='ocrx_word' id='word_1_127' title='bbox 672 2230 779 2290; x_wconf 88' lang='lat' dir='ltr'><strong>blanda</strong></span> <span class='ocrx_word' id='word_1_128' title='bbox 796 2237 929 2309; x_wconf 90' lang='lat' dir='ltr'><strong>potestas</strong></span> 
     </span>
     <span class='ocr_line' id='line_1_23' title="bbox 164 2312 1037 2394; baseline -0.001 -21"><span class='ocrx_word' id='word_1_129' title='bbox 164 2312 202 2373; x_wconf 82' lang='lat' dir='ltr'><strong>Et</strong></span> <span class='ocrx_word' id='word_1_130' title='bbox 223 2314 334 2392; x_wconf 89' lang='lat' dir='ltr'><strong>sceptri</strong></span> <span class='ocrx_word' id='word_1_131' title='bbox 354 2313 430 2374; x_wconf 92' lang='lat' dir='ltr'><strong>male</strong></span> <span class='ocrx_word' id='word_1_132' title='bbox 450 2314 557 2374; x_wconf 88' lang='lat' dir='ltr'><strong>suadus</strong></span> <span class='ocrx_word' id='word_1_133' title='bbox 579 2314 673 2375; x_wconf 91' lang='lat' dir='ltr'><strong>amor!</strong></span> <span class='ocrx_word' id='word_1_134' title='bbox 696 2332 886 2394; x_wconf 90' lang='lat' dir='ltr'><strong>numquamne</strong></span> <span class='ocrx_word' id='word_1_135' title='bbox 908 2313 1037 2390; x_wconf 89' lang='lat' dir='ltr'><strong>priorum</strong></span> 
     </span>
     <span class='ocr_line' id='line_1_24' title="bbox 162 2396 970 2462; baseline -0.004 -4"><span class='ocrx_word' id='word_1_136' title='bbox 162 2397 333 2460; x_wconf 89' lang='lat' dir='ltr'><strong>Haerebunt</strong></span> <span class='ocrx_word' id='word_1_137' title='bbox 351 2398 522 2458; x_wconf 87' lang='lat' dir='ltr'><strong>documenta</strong></span> <span class='ocrx_word' id='word_1_138' title='bbox 545 2396 649 2460; x_wconf 82' lang='lat' dir='ltr'><strong>novis?</strong></span> <span class='ocrx_word' id='word_1_139' title='bbox 668 2401 747 2460; x_wconf 86' lang='lat' dir='ltr'><strong>iuvat</strong></span> <span class='ocrx_word' id='word_1_140' title='bbox 763 2417 836 2462; x_wconf 90' lang='lat' dir='ltr'><strong>ecce</strong></span> <span class='ocrx_word' id='word_1_141' title='bbox 855 2397 970 2458; x_wconf 85' lang='lat' dir='ltr'><strong>nefasto</strong></span> 
     </span>
     <span class='ocr_line' id='line_1_25' title="bbox 165 2482 973 2562; baseline -0.007 -17"><span class='ocrx_word' id='word_1_142' title='bbox 165 2483 252 2544; x_wconf 88' lang='lat' dir='ltr'><strong>Stare</strong></span> <span class='ocrx_word' id='word_1_143' title='bbox 270 2482 338 2543; x_wconf 93' lang='lat' dir='ltr'><strong>loco</strong></span> <span class='ocrx_word' id='word_1_144' title='bbox 354 2485 545 2562; x_wconf 88' lang='lat' dir='ltr'><strong>regimenque</strong></span> <span class='ocrx_word' id='word_1_145' title='bbox 563 2501 647 2544; x_wconf 89' lang='lat' dir='ltr'><strong>manu</strong></span> <span class='ocrx_word' id='word_1_146' title='bbox 668 2493 795 2545; x_wconf 88' lang='lat' dir='ltr'><strong>tractare</strong></span> <span class='ocrx_word' id='word_1_147' title='bbox 814 2491 973 2544; x_wconf 90' lang='lat' dir='ltr'><strong>cruentum.</strong></span> 
     </span>
     <span class='ocr_line' id='line_1_26' title="bbox 165 2565 997 2646; baseline 0 -20"><span class='ocrx_word' id='word_1_148' title='bbox 165 2566 243 2640; x_wconf 78' lang='lat' dir='ltr'><strong>Quid</strong></span> <span class='ocrx_word' id='word_1_149' title='bbox 260 2567 364 2628; x_wconf 87' lang='lat' dir='ltr'><strong>melior</strong></span> <span class='ocrx_word' id='word_1_150' title='bbox 381 2565 507 2628; x_wconf 90' lang='lat' dir='ltr'><strong>Fortuna</strong></span> <span class='ocrx_word' id='word_1_151' title='bbox 529 2566 647 2646; x_wconf 78' lang='lat' dir='ltr'><strong>potest?</strong></span> <span class='ocrx_word' id='word_1_152' title='bbox 670 2571 726 2629; x_wconf 87' lang='lat' dir='ltr'><strong>iam</strong></span> <span class='ocrx_word' id='word_1_153' title='bbox 744 2569 867 2629; x_wconf 89' lang='lat' dir='ltr'><strong>flectere</strong></span> <span class='ocrx_word' id='word_1_154' title='bbox 884 2575 997 2645; x_wconf 86' lang='lat' dir='ltr'><strong>patrem</strong></span> 
     </span>
     <span class='ocr_line' id='line_1_27' title="bbox 163 2650 927 2730; baseline -0.004 -18"><span class='ocrx_word' id='word_1_155' title='bbox 163 2650 269 2730; x_wconf 90' lang='lat' dir='ltr'><strong>lncipit</strong></span> <span class='ocrx_word' id='word_1_156' title='bbox 290 2660 377 2730; x_wconf 90' lang='lat' dir='ltr'><strong>atque</strong></span> <span class='ocrx_word' id='word_1_157' title='bbox 398 2651 471 2712; x_wconf 92' lang='lat' dir='ltr'><strong>datis</strong></span> <span class='ocrx_word' id='word_1_158' title='bbox 493 2651 614 2714; x_wconf 90' lang='lat' dir='ltr'><strong>abolere</strong></span> <span class='ocrx_word' id='word_1_159' title='bbox 634 2651 796 2714; x_wconf 84' lang='lat' dir='ltr'><strong>Menoecea</strong></span> <span class='ocrx_word' id='word_1_160' title='bbox 817 2653 927 2728; x_wconf 87' lang='lat' dir='ltr'><strong>regnis.</strong></span> 
     </span>
     <span class='ocr_line' id='line_1_28' title="bbox 163 2736 907 2798; baseline -0.003 -1"><span class='ocrx_word' id='word_1_161' title='bbox 163 2736 289 2797; x_wconf 89' lang='lat' dir='ltr'><strong>Primum</strong></span> <span class='ocrx_word' id='word_1_162' title='bbox 309 2736 383 2796; x_wconf 91' lang='lat' dir='ltr'><strong>adeo</strong></span> <span class='ocrx_word' id='word_1_163' title='bbox 406 2739 503 2796; x_wconf 88' lang='lat' dir='ltr'><strong>saevis</strong></span> <span class='ocrx_word' id='word_1_164' title='bbox 522 2737 636 2798; x_wconf 90' lang='lat' dir='ltr'><strong>inbutus</strong></span> <span class='ocrx_word' id='word_1_165' title='bbox 655 2738 800 2798; x_wconf 88' lang='lat' dir='ltr'><strong>amoribus</strong></span> <span class='ocrx_word' id='word_1_166' title='bbox 822 2737 907 2798; x_wconf 87' lang='lat' dir='ltr'><strong>aulae</strong></span> 
     </span>
     <span class='ocr_line' id='line_1_29' title="bbox 162 2819 945 2902; baseline -0.003 -20"><span class='ocrx_word' id='word_1_167' title='bbox 162 2819 301 2882; x_wconf 90' lang='lat' dir='ltr'><strong>Indicium</strong></span> <span class='ocrx_word' id='word_1_168' title='bbox 324 2822 532 2899; x_wconf 87' lang='lat' dir='ltr'><strong>specimenque</strong></span> <span class='ocrx_word' id='word_1_169' title='bbox 554 2823 598 2882; x_wconf 88' lang='lat' dir='ltr'><strong>sui</strong></span> <span class='ocrx_word' id='word_1_170' title='bbox 619 2821 698 2882; x_wconf 87' lang='lat' dir='ltr'><strong>iubet</strong></span> <span class='ocrx_word' id='word_1_171' title='bbox 719 2825 788 2900; x_wconf 89' lang='lat' dir='ltr'><strong>igne</strong></span> <span class='ocrx_word' id='word_1_172' title='bbox 807 2837 945 2902; x_wconf 91' lang='lat' dir='ltr'><strong>supremo</strong></span> 
     </span>
     <span class='ocr_line' id='line_1_30' title="bbox 163 2904 872 2986; baseline 0 -20"><span class='ocrx_word' id='word_1_173' title='bbox 163 2905 271 2966; x_wconf 81' lang='lat' dir='ltr'><strong>Arceri</strong></span> <span class='ocrx_word' id='word_1_174' title='bbox 289 2904 422 2982; x_wconf 79' lang='lat' dir='ltr'><strong>Danaos,</strong></span> <span class='ocrx_word' id='word_1_175' title='bbox 441 2906 577 2985; x_wconf 90' lang='lat' dir='ltr'><strong>nudoque</strong></span> <span class='ocrx_word' id='word_1_176' title='bbox 598 2905 651 2966; x_wconf 89' lang='lat' dir='ltr'><strong>sub</strong></span> <span class='ocrx_word' id='word_1_177' title='bbox 672 2925 728 2968; x_wconf 85' lang='lat' dir='ltr'><strong>axe</strong></span> <span class='ocrx_word' id='word_1_178' title='bbox 748 2907 872 2986; x_wconf 91' lang='lat' dir='ltr'><strong>relinqui</strong></span> 
     </span>
     <span class='ocr_line' id='line_1_31' title="bbox 162 2989 941 3052; baseline -0.001 -2"><span class='ocrx_word' id='word_1_179' title='bbox 162 2989 269 3050; x_wconf 84' lang='lat' dir='ltr'><strong>lnfelix</strong></span> <span class='ocrx_word' id='word_1_180' title='bbox 290 2989 399 3050; x_wconf 89' lang='lat' dir='ltr'><strong>bellum</strong></span> <span class='ocrx_word' id='word_1_181' title='bbox 421 2999 450 3050; x_wconf 91' lang='lat' dir='ltr'><strong>et</strong></span> <span class='ocrx_word' id='word_1_182' title='bbox 471 2992 570 3050; x_wconf 86' lang='lat' dir='ltr'><strong>tristes</strong></span> <span class='ocrx_word' id='word_1_183' title='bbox 591 2993 653 3052; x_wconf 87' lang='lat' dir='ltr'><strong>sine</strong></span> <span class='ocrx_word' id='word_1_184' title='bbox 675 2991 795 3052; x_wconf 89' lang='lat' dir='ltr'><strong>sedibus</strong></span> <span class='ocrx_word' id='word_1_185' title='bbox 815 2991 941 3052; x_wconf 89' lang='lat' dir='ltr'><strong>umbras.</strong></span> 
     </span>
     <span class='ocr_line' id='line_1_32' title="bbox 227 3073 1044 3156; baseline 0.001 -23"><span class='ocrx_word' id='word_1_186' title='bbox 227 3073 297 3134; x_wconf 86' lang='lat' dir='ltr'><strong>llox</strong></span> <span class='ocrx_word' id='word_1_187' title='bbox 316 3074 454 3134; x_wconf 88' lang='lat' dir='ltr'><strong>reducem</strong></span> <span class='ocrx_word' id='word_1_188' title='bbox 475 3073 606 3152; x_wconf 76' lang='lat' dir='ltr'><strong>Ogygiae</strong></span> <span class='ocrx_word' id='word_1_189' title='bbox 629 3093 806 3154; x_wconf 88' lang='lat' dir='ltr'><strong>congressus</strong></span> <span class='ocrx_word' id='word_1_190' title='bbox 825 3077 920 3138; x_wconf 86' lang='lat' dir='ltr'><strong>limine</strong></span> <span class='ocrx_word' id='word_1_191' title='bbox 940 3084 1044 3156; x_wconf 90' lang='lat' dir='ltr'><strong>portae</strong></span> 
     </span>
     <span class='ocr_line' id='line_1_33' title="bbox 164 3157 914 3240; baseline 0.003 -22"><span class='ocrx_word' id='word_1_192' title='bbox 164 3157 339 3238; x_wconf 86' lang='lat' dir='ltr'><strong>Oedipoden</strong></span> <span class='ocrx_word' id='word_1_193' title='bbox 355 3160 445 3218; x_wconf 91' lang='lat' dir='ltr'><strong>timuit</strong></span> <span class='ocrx_word' id='word_1_194' title='bbox 469 3159 600 3238; x_wconf 84' lang='lat' dir='ltr'><strong>paulum,</strong></span> <span class='ocrx_word' id='word_1_195' title='bbox 625 3179 753 3240; x_wconf 90' lang='lat' dir='ltr'><strong>seseque</strong></span> <span class='ocrx_word' id='word_1_196' title='bbox 774 3163 914 3221; x_wconf 91' lang='lat' dir='ltr'><strong>minorem</strong></span> 
     </span>
     <span class='ocr_line' id='line_1_34' title="bbox 165 3242 934 3324; baseline -0.001 -20"><span class='ocrx_word' id='word_1_197' title='bbox 165 3242 327 3304; x_wconf 84' lang='lat' dir='ltr'><strong>Confessus</strong></span> <span class='ocrx_word' id='word_1_198' title='bbox 349 3245 436 3304; x_wconf 90' lang='lat' dir='ltr'><strong>tacite</strong></span> <span class='ocrx_word' id='word_1_199' title='bbox 458 3254 678 3324; x_wconf 89' lang='lat' dir='ltr'><strong>promptamque</strong></span> <span class='ocrx_word' id='word_1_200' title='bbox 702 3248 834 3306; x_wconf 89' lang='lat' dir='ltr'><strong>coercuit</strong></span> <span class='ocrx_word' id='word_1_201' title='bbox 853 3246 934 3306; x_wconf 83' lang='lat' dir='ltr'><strong>iram</strong></span> 
     </span>
     <span class='ocr_line' id='line_1_35' title="bbox 163 3327 998 3408; baseline 0 -19"><span class='ocrx_word' id='word_1_202' title='bbox 163 3328 225 3390; x_wconf 89' lang='lat' dir='ltr'><strong>Sed</strong></span> <span class='ocrx_word' id='word_1_203' title='bbox 246 3328 321 3389; x_wconf 86' lang='lat' dir='ltr'><strong>redit</strong></span> <span class='ocrx_word' id='word_1_204' title='bbox 342 3327 371 3386; x_wconf 91' lang='lat' dir='ltr'><strong>in</strong></span> <span class='ocrx_word' id='word_1_205' title='bbox 391 3345 493 3406; x_wconf 90' lang='lat' dir='ltr'><strong>regem</strong></span> <span class='ocrx_word' id='word_1_206' title='bbox 512 3347 690 3408; x_wconf 88' lang='lat' dir='ltr'><strong>caecumque</strong></span> <span class='ocrx_word' id='word_1_207' title='bbox 712 3330 863 3390; x_wconf 88' lang='lat' dir='ltr'><strong>audentius</strong></span> <span class='ocrx_word' id='word_1_208' title='bbox 884 3330 998 3390; x_wconf 87' lang='lat' dir='ltr'><strong>hostem</strong></span> 
     </span>
     <span class='ocr_line' id='line_1_36' title="bbox 162 3409 986 3493; baseline 0.006 -22"><span class='ocrx_word' id='word_1_209' title='bbox 162 3409 344 3490; x_wconf 88' lang='lat' dir='ltr'><strong>lncrepitans</strong></span> <span class='ocrx_word' id='word_1_210' title='bbox 364 3411 505 3490; x_wconf 72' lang='lat' dir='ltr'><strong>‘Procul,</strong></span> <span class='ocrx_word' id='word_1_211' title='bbox 526 3415 632 3493; x_wconf 82' lang='lat' dir='ltr'><strong>inquit,</strong></span> <span class='ocrx_word' id='word_1_212' title='bbox 656 3415 702 3476; x_wconf 88' lang='lat' dir='ltr'><strong>abi</strong></span> <span class='ocrx_word' id='word_1_213' title='bbox 720 3414 879 3475; x_wconf 84' lang='lat' dir='ltr'><strong>victoribus</strong></span> <span class='ocrx_word' id='word_1_214' title='bbox 899 3432 986 3476; x_wconf 88' lang='lat' dir='ltr'><strong>omen</strong></span> 
     </span>
     <span class='ocr_line' id='line_1_37' title="bbox 162 3493 897 3572; baseline 0.005 -16"><span class='ocrx_word' id='word_1_215' title='bbox 162 3493 304 3572; x_wconf 86' lang='lat' dir='ltr'><strong>Invisum,</strong></span> <span class='ocrx_word' id='word_1_216' title='bbox 328 3504 358 3556; x_wconf 91' lang='lat' dir='ltr'><strong>et</strong></span> <span class='ocrx_word' id='word_1_217' title='bbox 378 3496 467 3557; x_wconf 86' lang='lat' dir='ltr'><strong>furias</strong></span> <span class='ocrx_word' id='word_1_218' title='bbox 490 3507 590 3558; x_wconf 90' lang='lat' dir='ltr'><strong>averte</strong></span> <span class='ocrx_word' id='word_1_219' title='bbox 614 3517 649 3559; x_wconf 90' lang='lat' dir='ltr'><strong>ac</strong></span> <span class='ocrx_word' id='word_1_220' title='bbox 670 3500 786 3560; x_wconf 89' lang='lat' dir='ltr'><strong>moenia</strong></span> <span class='ocrx_word' id='word_1_221' title='bbox 806 3499 897 3560; x_wconf 89' lang='lat' dir='ltr'><strong>lustra</strong></span> 
     </span>
     <span class='ocr_line' id='line_1_38' title="bbox 161 3578 963 3663; baseline 0.002 -23"><span class='ocrx_word' id='word_1_222' title='bbox 161 3578 305 3640; x_wconf 89' lang='lat' dir='ltr'><strong>Discessu</strong></span> <span class='ocrx_word' id='word_1_223' title='bbox 328 3580 466 3642; x_wconf 85' lang='lat' dir='ltr'><strong>Thebana</strong></span> <span class='ocrx_word' id='word_1_224' title='bbox 486 3591 551 3643; x_wconf 92' lang='lat' dir='ltr'><strong>tuo:</strong></span> <span class='ocrx_word' id='word_1_225' title='bbox 571 3601 640 3663; x_wconf 88' lang='lat' dir='ltr'><strong>spes</strong></span> <span class='ocrx_word' id='word_1_226' title='bbox 662 3585 751 3660; x_wconf 89' lang='lat' dir='ltr'><strong>longa</strong></span> <span class='ocrx_word' id='word_1_227' title='bbox 768 3593 887 3661; x_wconf 88' lang='lat' dir='ltr'><strong>peracta</strong></span> <span class='ocrx_word' id='word_1_228' title='bbox 909 3593 963 3646; x_wconf 88' lang='lat' dir='ltr'><strong>est.</strong></span> 
     </span>
     <span class='ocr_line' id='line_1_39' title="bbox 160 3663 1013 3750; baseline 0.005 -27"><span class='ocrx_word' id='word_1_229' title='bbox 160 3663 263 3742; x_wconf 87' lang='lat' dir='ltr'><strong>Vade,</strong></span> <span class='ocrx_word' id='word_1_230' title='bbox 284 3667 380 3728; x_wconf 89' lang='lat' dir='ltr'><strong>iacent</strong></span> <span class='ocrx_word' id='word_1_231' title='bbox 397 3666 470 3746; x_wconf 80' lang='lat' dir='ltr'><strong>nati;</strong></span> <span class='ocrx_word' id='word_1_232' title='bbox 493 3685 567 3745; x_wconf 88' lang='lat' dir='ltr'><strong>quae</strong></span> <span class='ocrx_word' id='word_1_233' title='bbox 589 3669 645 3730; x_wconf 87' lang='lat' dir='ltr'><strong>iam</strong></span> <span class='ocrx_word' id='word_1_234' title='bbox 663 3669 715 3731; x_wconf 90' lang='lat' dir='ltr'><strong>tibi</strong></span> <span class='ocrx_word' id='word_1_235' title='bbox 733 3677 802 3730; x_wconf 80' lang='lat' dir='ltr'><strong>vota</strong></span> <span class='ocrx_word' id='word_1_236' title='bbox 819 3665 1013 3750; x_wconf 78' lang='lat' dir='ltr'><strong>supersuntl&#39;</strong></span> 
     </span>
    </p>
   </div>
   <div class='ocr_carea' id='block_1_3' title="bbox 0 0 1426 4300">
    <p class='ocr_par' dir='ltr' id='par_1_3' title="bbox 0 0 1426 4300">
     <span class='ocr_line' id='line_1_40' title="bbox 0 0 1426 4300; baseline 0 3"><span class='ocrx_word' id='word_1_237' title='bbox 0 0 1426 4300; x_wconf 95' lang='lat' dir='ltr'><strong> </strong></span> 
     </span>
    </p>
   </div>
  </div>
 </body>
</html>
