2842 4300
492 395 692 447 mosmos
715 399 784 448 nro.
807 397 845 448 11.
1128 385 1167 448 37

166 551 269 632 'leque
291 550 391 631 etiam,
413 551 532 631 infelix,
553 553 725 636 perhibent,
747 553 879 632 locusta,
901 553 1040 616 decorum

166 637 341 699 Possedisse
364 639 463 709 neias;
484 639 581 699 vultus
603 639 659 700 hac
678 639 764 700 laude
786 639 918 716 colebas,
1115 649 1167 708 295

165 721 230 784 Heu
251 721 375 802 quibus,
396 724 453 784 heu
475 724 619 804 placitura
637 724 725 784 toris!
749 733 816 803 post
837 724 954 803 longior
975 725 1063 796 ordo;

167 807 249 869 'lunc
270 808 354 868 donis
375 808 467 887 A1gia
488 809 561 869 nitet
579 809 714 888 vilesque
736 811 847 869 sororis

167 891 292 953 Ornatus
314 911 399 954 sacro
422 894 573 973 praeculta
595 895 764 972 supervenit
784 911 866 958 auro.

195 1009 199 1014 -
228 976 351 1038 Viderat
368 978 426 1038 lroc
446 981 552 1039 coniux
573 979 696 1058 perituri
717 979 790 1038 vatis
812 987 841 1039 et
863 995 928 1039 aras

166 1061 244 1123 Ante
266 1079 368 1123 omnes
390 1063 551 1142 epulasque
569 1072 680 1124 trucem
699 1073 816 1124 secreta
836 1063 983 1143 coquebat
1114 1075 1167 1130 300

166 1146 322 1225 Invidiam,
344 1149 441 1208 saevis
463 1149 592 1209 detorsi
614 1149 728 1226 quando
750 1149 837 1227 potiri

165 1230 317 1308 catonus,
341 1231 399 1293 beu
420 1232 491 1293 nibil
514 1233 640 1310 auguriis
663 1233 757 1293 adiuta
783 1232 962 1314 propinquis.
1043 1274 1052 1300 ,

166 1315 250 1391 Quos
272 1325 354 1396 optat
374 1319 515 1396 gemitus,
538 1326 659 1396 quantas
680 1319 759 1397 cupit
777 1318 853 1397 inpia
876 1317 990 1378 clades!

165 1399 262 1480 Digna
280 1402 413 1481 quidem,
436 1402 488 1462 sed
511 1402 581 1482 quid
598 1403 696 1462 miseri
720 1402 845 1481 decepta
866 1404 959 1464 mariti

166 1485 272 1562 Arma,
295 1487 364 1565 quid
384 1487 514 1547 insontes
531 1487 589 1546 natl
610 1505 745 1546 meruere
766 1484 905 1548 furores?
1114 1494 1167 1551 305

230 1570 387 1650 Postquam
408 1572 527 1649 regales
550 1571 652 1649 epulas
674 1581 704 1631 et
725 1571 831 1650 gaudia
851 1572 931 1650 vulgi

166 1654 284 1715 Bisseni
307 1655 423 1716 clusere
442 1656 523 1733 dies,
544 1655 685 1716 Ismenius
705 1655 794 1716 heros

165 1737 330 1820 Respicere
351 1740 388 1800 ad
407 1740 524 1801 Thebas
545 1742 660 1820 iamque
683 1749 713 1800 et
732 1758 784 1800 sua
808 1757 952 1820 quaerere
973 1757 1073 1818 regna.

166 1822 283 1904 Quippe
305 1825 426 1886 animum
448 1825 524 1885 subit
543 1825 594 1885 illa
616 1825 696 1901 dies,
720 1843 792 1903 qua,
815 1833 896 1884 sorte
915 1825 1039 1903 benigna

165 1907 294 1985 Fratris,
316 1908 457 1969 Echionia
478 1917 599 1969 steterat
621 1911 750 1988 privatus
770 1909 799 1968 in
821 1908 898 1984 aula,
1114 1919 1167 1974 310

165 1993 340 2072 Respiciens
362 1994 494 2054 descisse
515 1993 588 2053 deos
609 1992 785 2072 trepidoque
806 1993 926 2052 tumultu

163 2077 305 2158 Dilapsos
324 2079 464 2154 comites,
483 2077 589 2137 nudum
610 2075 685 2136 latus
704 2094 790 2159 omne
811 2077 967 2157 fugamque

164 2162 322 2224 Fortunae.
362 2163 493 2242 Namque
514 2180 571 2223 una
589 2178 675 2222 soror
695 2162 860 2241 producere
881 2162 980 2223 tristes

164 2246 269 2308 Exulis
292 2266 362 2309 ausa
382 2250 463 2324 vias,
485 2246 570 2307 etiam
590 2247 664 2307 banc
683 2248 712 2305 in
734 2246 830 2307 limine
852 2248 945 2325 primo

165 2332 305 2412 liquerat
323 2341 353 2393 ct
372 2349 475 2409 magna
495 2332 631 2392 lacrimas
652 2332 812 2392 incluserat
833 2331 884 2391 ira.
1114 2342 1165 2397 315

112 2446 116 2452 -
165 2416 248 2478 Tunc
270 2435 345 2495 quos
366 2416 515 2477 excedens
535 2415 659 2493 hilares,
682 2417 747 2495 quis
769 2415 863 2475 cultus
885 2416 974 2496 iniqui

165 2501 343 2581 Praecipuus
365 2500 464 2579 ducis,
489 2510 519 2561 et
540 2500 667 2579 profugo
690 2518 765 2581 quos
783 2500 848 2579 ipse
870 2510 984 2563 notarat

163 2586 349 2664 Ingemuisse
370 2584 441 2662 sibi,
463 2594 656 2665 pernoctem
679 2604 715 2645 ac
735 2585 802 2646 luce
825 2584 878 2644 sub
901 2587 978 2646 omni

163 2670 295 2749 Digerit3
317 2670 445 2731 exedere
467 2670 589 2730 animum
605 2670 691 2730 dolor
711 2670 813 2747 iraque
834 2669 964 2748 demens,

164 2754 222 2832 Et,
244 2772 301 2835 qua
322 2773 380 2815 nou
401 2755 519 2832 gravior
537 2752 708 2813 mortalibus
730 2754 824 2813 addita
847 2771 926 2832 cura,
1114 2764 1166 2820 sno

166 2841 262 2919 Spes,
281 2838 330 2900 ubi
352 2840 440 2917 longa
458 2839 546 2899 venit.
589 2838 689 2897 Talem
711 2837 765 2898 sub
785 2846 908 2916 pectore
928 2838 1033 2900 nubem

166 2921 301 2985 Consilio
323 2925 447 2985 volvens
468 2922 577 2983 Dircen
599 2920 758 3002 Cadmique
779 2932 900 3001 negatas

165 3008 300 3088 Apparet
318 3010 362 3069 ire
380 3008 493 3089 domos.
530 3005 629 3067 Veluti
647 3006 706 3067 dux
726 3015 843 3084 taurus,
866 3016 958 3069 amata

165 3092 254 3154 Valle
276 3110 397 3171 carens,
418 3092 533 3172 pulsum
554 3092 642 3152 solito
662 3109 748 3170 quern
766 3092 895 3169 gramine
913 3094 1008 3153 victor

167 3177 256 3237 lussit
277 3178 315 3239 ab
339 3186 441 3257 erepta
460 3176 550 3255 longe
572 3178 684 3254 mugire
702 3178 836 3253 iuvenca,
1114 3188 1166 3244 325

168 3261 264 3336 Quum
284 3262 411 3341 profugo
433 3262 574 3342 placuere
595 3261 652 3321 tori
674 3262 834 3340 cervixque
856 3270 979 3341 recepto

165 3348 315 3424 Sanguine
333 3364 437 3424 magna
457 3346 534 3407 redit
554 3346 724 3425 fractaeque
747 3348 776 3405 in
794 3354 917 3426 pectore
933 3346 1026 3407 vires:

167 3430 252 3491 Rella
272 3433 352 3510 cupit
374 3431 523 3510 saltusque
541 3439 571 3491 et
593 3441 677 3509 capta
698 3440 826 3491 armenta
848 3431 989 3510 reposcit,

168 3514 229 3575 lam
250 3514 342 3595 pede,
365 3516 422 3575 iam
445 3532 535 3575 cornu
555 3515 677 3593 melior,
697 3526 785 3595 pavet
806 3517 871 3595 lpse
890 3532 1039 3576 reversum

165 3599 287 3676 Victor,
311 3608 341 3660 et
362 3599 475 3660 attoniti
495 3601 545 3659 rix
566 3618 716 3679 agnovere
737 3602 875 3679 magistri.
1114 3608 1167 3663 330

228 3683 295 3745 Non
316 3684 389 3746 alias
408 3684 498 3746 tacita
518 3686 630 3746 iuvenis
651 3685 842 3747 Tlreumesius
863 3687 921 3747 iras
