2842 4300
241 312 303 374 234
481 304 495 326 '
582 322 615 372 a.
633 321 768 371 narrum
787 320 904 373 suurn

241 478 388 541 Crinalem
407 476 513 539 attollit
533 476 624 556 longo
646 478 772 541 stridore
795 489 939 541 cerasten·
1234 490 1272 545 65

241 563 404 626 caeruleae
426 562 484 623 dux
506 562 557 623 ille
580 581 697 639 comae,
722 581 780 643 quo
802 566 933 643 protinus
955 565 1048 625 omnis

239 649 358 710 Horruit
376 646 473 708 audito
495 648 584 708 tellus
606 658 770 728 pontusque
791 650 949 729 polusque,

240 732 280 795 Et
299 743 383 813 pater
403 731 554 793 Aetnaeos
575 734 679 795 iterum
699 735 854 812 prospexit
876 734 913 795 ad
934 734 1028 811 ignes.

178 860 182 869 .
305 817 423 897 Accipit
440 817 490 878 illa
511 834 628 887 sonum;
652 816 746 879 stabat
768 828 836 879 tunc
855 819 933 879 forto
955 817 1070 896 parenti

240 904 393 978 Proxima,
420 902 486 963 dum
507 912 594 963 coetu
617 899 772 982 Capaneus
793 903 925 965 laudatur
945 902 981 963 ab
1003 902 1081 961 omui
1230 912 1268 967 70

239 988 316 1049 Ditis
338 996 369 1047 et
388 988 530 1064 insignem
551 987 663 1064 Stygiis
684 987 766 1048 fovet
788 988 917 1049 amnibus
935 986 1075 1047 umbram.

239 1073 374 1135 Protinus
395 1071 519 1150 abrupta
536 1081 677 1132 terrarum
697 1072 775 1133 mole
797 1072 850 1133 sub
872 1073 957 1133 astris

241 1156 392 1233 Constitit,
415 1156 545 1217 exultant
562 1156 682 1233 Manes,
706 1166 901 1236 quantumque
922 1155 1085 1237 profundae

240 1241 404 1303 Rarescuut
423 1239 581 1319 tenebrae,
603 1250 712 1301 mutum
733 1241 769 1303 de
791 1242 859 1302 luce
880 1242 1014 1301 recessit.
1140 1256 1149 1269 ·

240 1326 358 1405 Excipit
378 1335 441 1385 atra
461 1342 548 1386 soror
566 1326 750 1405 dextraeque
772 1328 877 1387 innexa
899 1326 1044 1405 profatur:
1224 1336 1259 1391 75

246 1424 250 1431 ’
306 1410 380 1471 ‘Hac
401 1428 541 1487 germana
559 1420 643 1471 tenus
664 1411 759 1489 Stygii
779 1410 933 1471 metuenda
953 1410 1082 1490 parentis

240 1497 368 1575 Imperia
390 1505 419 1555 et
440 1496 538 1555 iussos
559 1497 640 1574 potui
662 1496 792 1557 tolerare
813 1496 940 1571 furores,

241 1582 314 1645 Sola
334 1597 423 1659 super
443 1588 538 1640 terras
559 1579 718 1661 hostilique
739 1580 827 1641 obvia
848 1580 965 1655 mundo,

241 1667 317 1727 llum
337 1681 392 1725 vos
415 1664 539 1739 elysium
558 1673 589 1725 et
609 1663 713 1725 faciles
736 1666 923 1745 compescitis
943 1663 1068 1727 umbras.

240 1749 305 1811 Nec
327 1749 451 1829 pretium
473 1748 605 1809 deforme
625 1766 727 1811 morae
741 1752 886 1830 'cassique
908 1749 1037 1811 labores.
1215 1760 1252 1814 80

240 1835 306 1897 Hoc
327 1834 530 1914 quodcumque
550 1834 668 1895 madent
686 1837 798 1915 campi,
822 1834 901 1915 quod
919 1834 1059 1911 sanguiue
1078 1832 1191 1895 fumant

241 1922 368 1998 Stagna,
395 1919 473 1998 quod
494 1920 642 1981 innumero
659 1918 787 1981 Lethaea
809 1921 941 1981 examine
963 1918 1072 1995 gaudet

241 2005 331 2084 Ripa,
353 2022 437 2064 meae
458 2004 555 2081 vires,
577 2022 643 2063 mea
663 2003 741 2065 laeta
761 2005 893 2082 iusignia.
939 2003 998 2063 Sed
1020 2003 1087 2081 quid

239 2090 322 2152 llaec
342 2086 423 2167 egoi
454 2086 531 2149 lilars
550 2088 675 2166 lrabeat,
697 2090 874 2169 vulgataque
894 2090 983 2149 iactet
1004 2086 1099 2164 Enyo.

240 2175 360 2236 Vidistis
380 2174 552 2251 —Stygiis
571 2183 654 2234 certe
674 2175 844 2236 manifestus
865 2175 894 2234 in
914 2172 1022 2234 umbris
1040 2209 1082 2218 -
1210 2183 1246 2238 85

241 2261 388 2338 Sanguine
410 2258 559 2318 foedatum
578 2260 668 2318 rictus
689 2269 813 2338 atroque
833 2259 996 2320 madentem

240 2343 299 2406 Ora
316 2345 419 2405 ducem
440 2343 523 2411 tabo;
545 2343 682 2404 miserum
703 2343 874 2404 insatiabilis
896 2343 955 2404 edit

240 2428 287 2488 lle
308 2427 440 2489 tradente
462 2436 563 2505 caput;
585 2427 673 2488 modo
693 2446 799 2509 nempe
820 2427 981 2488 horrendus
1004 2424 1040 2486 ab
1063 2427 1149 2486 astris

240 2513 401 2573 Descendit
421 2527 475 2572 vos
496 2518 591 2590 usque
610 2511 727 2590 fragon
750 2530 815 2572 mea
837 2530 921 2572 sacra
941 2509 1092 2591 premebat

240 2598 429 2678 Tempestas,
450 2614 508 2675 ego
528 2597 618 2657 mixta
639 2598 694 2658 viri
716 2596 865 2659 furialibus
887 2600 973 2658 armis
1207 2603 1243 2659 9⁰

239 2682 322 2744 Bella
343 2683 445 2759 deum,
470 2693 501 2743 et
521 2700 641 2760 magnas
662 2683 794 2744 ridebam
816 2681 942 2742 fulminis
964 2683 1032 2740 iras.

239 2769 300 2830 Sed
321 2769 376 2828 iam
397 2802 440 2813 —
460 2765 575 2828 effabor
595 2769 671 2827 enim
691 2801 734 2812 -·
754 2767 845 2844 longo
869 2768 975 2828 sudore
997 2765 1134 2826 fatiscunt

240 2851 352 2929 Corda,
375 2869 477 2927 soror,
498 2851 658 2930 tardaeque
676 2870 791 2921 mauus;
814 2851 903 2912 hebet
923 2851 1015 2912 infera
1037 2849 1124 2910 coelo

239 2937 351 3013 Taxus,
372 2946 402 2997 et
422 2939 554 2996 insuetos
574 2955 688 3014 angues
708 2937 794 2997 nimia
816 2947 893 2998 astra
915 2942 1063 3014 soporant.

239 3021 298 3097 Tu,
321 3023 368 3081 cui
388 3030 466 3082 totus
486 3019 581 3082 adlruc
599 3022 682 3081 furor
699 3021 889 3100 exultantque
910 3029 1046 3081 recentes
1203 3027 1238 3081 95

240 3103 344 3181 Cocyti
365 3105 402 3166 de
424 3105 505 3166 fonte
528 3122 649 3180 comae,
672 3106 851 3183 deiungere
875 3105 964 3166 uires.

238 3189 305 3250 Non
325 3190 427 3250 solitas
447 3191 527 3250 acies
546 3209 603 3249 nec
623 3189 726 3252 llartia
747 3190 826 3251 bella
848 3207 992 3268 paramus,

239 3275 299 3335 Sed
319 3275 453 3351 fratrum,
476 3275 548 3334 licet
567 3273 643 3335 alma
659 3275 734 3336 fides
756 3277 908 3354 pictasque
931 3281 1106 3353 repugnent,

237 3359 413 3435 vincentur,
436 3358 616 3420 —fratrum
636 3360 796 3436 stringendi
818 3359 946 3418 cominus
968 3377 1066 3418 enses.

239 3443 353 3504 Grande
376 3460 466 3524 opus;
489 3444 572 3521 ipsae
595 3443 685 3519 odiis,
707 3445 790 3522 ipsae
814 3443 995 3504 discordibus
1015 3443 1100 3504 armis
1188 3454 1236 3506 100

236 3528 386 3607 Aptemur.
428 3526 503 3602 Quid
526 3528 604 3589 leuta
623 3525 730 3588 venis?
759 3527 882 3605 agedum
905 3528 1000 3606 elige,
1024 3529 1105 3588 cuius

237 3615 327 3690 Signa
348 3614 443 3682 ieras;
467 3611 552 3674 alnbo
574 3613 679 3674 faciles
696 3614 847 3691 nostrique
854 3635 862 3684 ;
886 3613 940 3674 sed
962 3629 1071 3691 anceps
