2842 4300
480 402 682 453 1111111111
704 404 831 452 11111.
1099 388 1162 452 229

160 560 218 621 hut
236 576 309 639 quos
331 556 441 637 ingenti
460 570 573 639 premat
594 569 752 640 expectata
774 556 897 639 rapina?

223 644 367 705 llaotenus
389 660 477 721 arma,
498 644 587 705 tubae
609 645 776 725 tersumque
798 654 829 705 et
850 644 987 714 vulnera;
1012 645 1065 705 sed
1084 662 1161 705 nuno

161 728 297 790 Cominus
321 729 483 807 astrigeros
500 726 655 809 Capaneus
676 730 825 791 tollendos
848 730 877 789 in
899 746 981 790 anes.

161 814 226 876 Non
246 814 315 875 mihi
336 816 391 875 iam
410 813 499 873 solito
519 824 617 875 vatum
638 814 676 875 de
698 832 781 875 more
799 814 970 891 canendum,

160 898 252 961 blaior
273 898 309 960 ab
330 898 432 959 Aoniis
453 900 594 961 sumenda
615 898 735 960 audacia
759 900 844 960 lueis.
1109 908 1164 962 830

162 983 273 1045 blesum
295 1000 395 1043 omues
418 983 524 1044 audete
545 984 636 1061 deas,
659 986 723 1044 sive
744 984 795 1044 ille
816 982 960 1063 profunda

161 1068 266 1130 ttissus
287 1077 374 1129 noete
395 1067 492 1145 iuror,
512 1066 710 1148 Capaneaque
730 1070 814 1147 signa
836 1077 957 1127 secutae

161 1153 248 1214 Anna
270 1152 369 1213 lovem
392 1162 492 1214 oontra
514 1154 634 1231 Stygiae
656 1171 783 1232 rapuere
804 1170 936 1227 sorores,

163 1239 221 1299 Seu
243 1238 334 1298 virtus
356 1255 478 1317 egressa
496 1238 629 1315 modum,
651 1256 705 1299 seu
726 1238 822 1317 gloria
842 1254 1001 1317 praeceps,

162 1324 222 1383 Seu
240 1340 362 1401 magnae
383 1322 449 1383 data
470 1323 545 1384 lama
565 1323 650 1399 nesi,
671 1340 724 1383 seu
746 1322 824 1384 laeta
841 1322 982 1382 malorum

161 1408 304 1487 Principia
324 1416 354 1468 et
372 1405 497 1467 blandae
519 1424 656 1487 superum
676 1406 848 1469 mortalibus
870 1408 942 1466 irae.

224 1492 282 1553 lam
304 1491 422 1552 sordent
443 1501 559 1561 terrena
581 1492 645 1551 viro
667 1492 825 1571 taedetque
845 1491 1008 1571 profundae

163 1576 284 1653 Caedis,
307 1587 336 1637 et
358 1576 506 1637 exhaustis
528 1576 597 1637 olim
619 1576 794 1657 Graiumque
816 1578 937 1656 suisque

161 1660 318 1721 Missilibus
340 1661 418 1722 lassa
440 1662 574 1741 respexit
593 1662 622 1721 in
642 1662 762 1722 aethera
782 1661 894 1722 dextra.

160 1746 259 1807 Ardua
280 1764 349 1807 mox
369 1756 454 1807 torvo
476 1748 591 1807 metitur
614 1746 738 1807 eulmina
757 1748 833 1823 uisu,

160 1831 387 1910 innumerosque
410 1831 518 1908 gradus
537 1832 652 1909 gemina
674 1830 751 1891 latus
772 1831 881 1891 arbore
901 1830 1000 1890 clusus

161 1916 280 1975 Aerium
300 1916 356 1975 sibi
377 1924 475 1994 portat
497 1916 571 1992 iter,
592 1916 741 1993 longeque
761 1916 907 1976 timendus

160 1999 327 2061 blultiiidam
346 2016 484 2079 quereum
505 2000 639 2078 flagranti
660 2000 766 2059 lumine
787 2000 891 2061 vibrat.

161 2085 249 2145 Arma
268 2084 372 2145 rubent
391 2102 446 2145 una
469 2084 626 2165 olipeoque
648 2084 810 2146 incenditur
829 2085 914 2164 ignis.

163 2169 252 2243 ‘Ham
272 2173 327 2246 ait,
350 2171 379 2229 iu
398 2169 532 2246 Thebas,
555 2170 611 2231 hae
631 2188 677 2229 me
699 2169 781 2230 iubet
802 2171 892 2231 ardua
913 2172 1005 2230 virtus

162 2254 223 2330 Ire,
245 2253 409 2315 Menoeceo
429 2273 485 2334 qua
508 2255 619 2315 lubrioa
641 2256 781 2332 sanguine
803 2257 900 2314 turris.

161 2338 320 2418 Experiar,
345 2339 412 2419 quid
432 2357 516 2400 saera
537 2339 653 2416 iuvent,
676 2357 713 2400 an
733 2339 825 2400 falsus
843 2339 976 2418 Apollo)

225 2423 320 2500 Dixit,
339 2433 369 2484 11
389 2424 503 2484 alterno
526 2425 641 2503 captiva
662 2425 690 2484 in
710 2426 827 2486 moenia
848 2442 954 2502 gressu

163 2509 261 2585 Surgit
281 2525 390 2585 ovans,
414 2507 516 2588 quales
534 2509 637 2569 mediis
658 2510 686 2568 in
707 2509 830 2569 nubibus
852 2510 955 2570 aether

161 2593 240 2653 Vidit
261 2592 399 2670 Aloidas,
420 2611 506 2673 quum
529 2603 681 2654 cresceret
701 2595 779 2673 inpia
798 2593 886 2654 tellus

154 2677 345 2756 Despectura
364 2677 452 2754 deos,
475 2697 531 2739 neo
553 2679 646 2739 adhue
669 2681 782 2738 inmane
802 2679 917 2738 veniret

161 2762 265 2823 Pelion
287 2771 317 2822 et
335 2764 478 2842 trepidum
498 2764 553 2823 iam
575 2772 710 2841 tangeret
735 2761 810 2823 Ossa
828 2761 997 2823 Tonantem.

224 2846 296 2906 'lum
313 2865 385 2908 vero
407 2848 519 2908 attoniti
537 2847 661 2908 latorum
682 2849 711 2907 iu
734 2847 851 2908 sardine
873 2865 994 2922 summo,

163 2930 227 2992 Ceu
249 2949 383 3010 suprema
406 2932 469 2992 lues
486 2931 588 2992 urbem
607 2931 780 3011 facibusque
798 2935 925 2992 eruentis

161 3017 331 3096 Aequatura
350 3017 415 3076 solo
434 3027 529 3077 turres
548 3016 670 3077 Bellona
691 3017 814 3092 subiret,

162 3100 302 3161 Omnibus
325 3119 342 3160 e
362 3102 448 3162 teotis
470 3102 601 3162 certatim
622 3103 750 3180 ingentia
768 3119 838 3161 saxa

160 3185 342 3264 Roboraque
362 3194 392 3245 et
409 3187 545 3264 gravidas
566 3185 822 3246 lundaebalearis
841 3184 986 3261 habenas,
1006 3220 1049 3232 -

86 3329 88 3333 ,
159 3269 236 3330 Nam
256 3270 359 3330 iaculis
384 3271 530 3350 coeloque
546 3272 631 3349 vagis
651 3289 722 3350 spes
740 3271 816 3331 unde
839 3267 974 3348 sagittis?
995 3303 1037 3317 -

159 3355 273 3414 Verum
295 3354 370 3415 avidi
394 3364 424 3414 et
444 3364 587 3416 tormenta
609 3365 705 3416 rotant
725 3365 755 3415 et
772 3355 899 3415 molibus
920 3363 1033 3432 urgent.

158 3439 217 3500 llle
238 3457 295 3500 neo
316 3440 438 3517 ingestis
459 3459 515 3501 neo
533 3450 618 3519 terga
639 3439 828 3518 sequentihus
850 3457 983 3518 umquam

157 3523 331 3584 Detrahitur
353 3523 437 3602 telis,
459 3541 612 3604 vacuoque
634 3525 688 3584 sub
711 3543 781 3585 1111
804 3525 936 3604 pendeus

156 3607 251 3670 Plana
272 3609 445 3670 1111111111
469 3619 565 3669 111111
582 3611 707 3688 vestigia
729 3609 810 3686 ligat,

156 3693 268 3754 Tendit
286 3703 315 3754 et
336 3695 445 3773 ingenti
464 3693 540 3754 subit
559 3704 735 3755 occurrente
751 3695 842 3755 ruina.
