2842 4300
523 325 724 376 THEBAIDOS
746 327 815 376 ΜΒ.
839 329 862 376 1.

264 480 379 542 Deiecit
399 491 529 543 moestos
550 484 700 564 extemplo
722 483 861 546 Ismenius
884 485 973 546 heros

201 565 235 625 ln
257 575 363 627 terram
384 567 496 644 vultus,
516 569 664 647 taciteque
683 569 721 630 ad
743 568 843 645 Tydea
865 570 975 630 laesum

201 648 362 730 Obliquare
384 652 503 725 oculos3
525 662 585 713 tum
605 653 694 730 longa
716 653 830 714 silentia
849 656 956 716 movit:
1146 664 1196 720 675

203 733 283 795 ‘Nou
304 754 393 815 super
413 737 468 797 hos
487 737 583 798 dirum
600 737 652 798 tibi
670 757 733 798 sum
755 739 938 816 quaerendus
960 739 1099 818 honores,

200 819 285 880 Unde
306 839 417 898 genus,
441 837 515 900 quoe
538 831 617 882 terra
634 822 717 900 mihi,
741 823 805 902 quis
827 823 934 885 dedunt
956 824 1029 885 ordo
1108 876 1113 887 .

201 906 357 982 Sanguinis
378 907 502 985 antiqui:
521 907 603 985 piget
624 907 700 967 inter
722 925 806 968 sacra
827 907 922 968 interi.

200 989 262 1049 Sed
283 991 309 1048 si
330 992 523 1070 praecipitant
543 993 681 1052 misemm
703 1008 888 1070 cognoscere
909 1009 1009 1069 curas,

201 1072 328 1134 Cadmus
345 1077 430 1153 origo
450 1084 580 1154 patrum,
599 1076 688 1137 tellus
705 1075 847 1138 Mavortia
866 1075 978 1152 Thebe,

77 1237 81 1240 -
199 1157 238 1218 Et
258 1162 394 1236 genetrix
414 1158 530 1220 locusta
546 1160 638 1220 mihi!
681 1159 753 1220 Tum
774 1171 868 1222 motus
888 1159 1031 1222 Adrastus

199 1243 340 1323 llospitiis
362 1280 404 1289 —
422 1247 540 1322 agnovit
560 1247 636 1306 enim
654 1267 711 1305 —z
735 1245 825 1319 <Quid
847 1255 916 1318 nota
937 1245 1094 1307 recondis?

198 1329 330 1405 Scimus,
352 1330 406 1398 ait;
426 1348 483 1389 nec
506 1330 549 1389 sic
568 1347 703 1391 aversum
721 1330 795 1390 iama
815 1329 946 1407 Mycenis

200 1411 300 1472 Voluit
316 1414 382 1474 iter.
417 1413 550 1492 Regnum
566 1423 595 1476 et
611 1415 702 1474 furias
718 1415 880 1494 oculosque
897 1415 1039 1494 pudentes

199 1495 304 1574 Novit,
326 1508 356 1559 et
376 1499 494 1558 Arctois
517 1500 542 1558 si
564 1500 629 1578 quis
651 1499 688 1560 de
710 1498 821 1560 solibus
843 1499 953 1576 horret,
1144 1511 1195 1566 685

201 1580 316 1660 Quique
337 1581 409 1643 bibit
430 1582 551 1661 Gangen
572 1593 620 1645 aut
639 1585 751 1662 nigrum
774 1583 928 1644 occasibus
947 1583 1033 1644 intrat

200 1665 365 1744 Oceanum,
388 1677 419 1728 et
439 1669 465 1727 si
485 1685 559 1747 quos
577 1669 690 1730 incerto
713 1669 798 1730 litore
821 1669 923 1744 Syrtes

198 1750 374 1812 Destituuut.
418 1751 464 1812 Ne
487 1771 581 1832 perge
604 1753 688 1832 queri
709 1771 853 1831 casusque
873 1755 1000 1832 priorum

199 1835 399 1897 Adnumerare
421 1835 487 1897 tibi:
510 1847 611 1896 nostro
634 1853 752 1916 quoque
774 1838 915 1914 sauguine
936 1837 1054 1899 multum

199 1918 316 1980 Erravit
339 1923 451 2000 pietas,
474 1939 530 1980 nec
555 1921 643 1999 culpa
662 1919 819 2000 nepotibus
842 1920 948 1983 obstat.

201 2004 243 2064 Tu
265 2005 352 2065 modo
374 2005 521 2066 dissimilis
541 2004 632 2064 rebus
653 2022 786 2064 mereare
806 2005 941 2066 secundis

197 2088 350 2148 Excusare
369 2098 451 2157 tuos;
474 2088 604 2149 sedium
624 2098 742 2150 temone
764 2089 867 2169 supino

197 2174 328 2252 languet
346 2173 558 2254 Hyperboreae
579 2173 714 2251 glacialis
736 2175 860 2253 portitor
880 2173 982 2235 Ursae.

199 2258 322 2319 Fundite
343 2262 410 2321 vina
429 2259 521 2336 focis,
541 2268 781 2338 servatoremque
803 2268 955 2339 parentum

197 2343 337 2405 Letoiden
357 2346 435 2404 votis
455 2345 618 2422 iterumque
629 2344 799 2424 iterumque
821 2348 978 2405 canamus?
1144 2357 1195 2411 695

264 2428 396 2489 ‘Phoebe
418 2446 541 2507 pareus,
563 2446 615 2487 seu
634 2437 665 2488 te
686 2427 793 2505 byciae
814 2428 954 2490 Pataraea
975 2430 1085 2491 nivosis

198 2512 348 2573 Exercent
370 2514 484 2573 dumeta
502 2514 594 2591 iugis,
618 2531 671 2573 seu
693 2531 761 2573 rore
783 2513 890 2592 pudico

199 2595 346 2658 Castaliae
365 2598 457 2658 davus
479 2614 561 2657 amor
582 2596 700 2657 esttibi
721 2615 857 2674 mergere
879 2598 986 2674 crines,

198 2684 259 2741 Seu
280 2681 396 2743 'lroiam
419 2682 619 2757 Thymbraeus
640 2680 751 2757 habes,
772 2680 821 2741 ubi
845 2682 920 2742 fama
940 2682 1087 2745 volentem

197 2766 324 2844 Ingratis
343 2766 485 2845 Phrygios
507 2766 632 2827 humeris
653 2765 778 2825 subiisse
800 2765 938 2844 molares,
1142 2780 1194 2835 τοο

198 2853 260 2912 Seu
283 2852 361 2911 iuvat
382 2851 534 2929 Aegaeum
557 2850 667 2911 feriens
686 2849 822 2910 Latonius
844 2850 943 2911 umbra

177 2929 329 3011 'Cynthus
351 2945 381 2995 et
401 2936 545 2996 assiduam
562 2934 671 3014 pelago
692 2951 751 2994 non
770 2952 913 3014 quaerere
934 2935 1046 2998 Delon:

198 3019 272 3080 Tela
293 3020 345 3080 tibi
366 3020 515 3099 longeque
535 3020 616 3079 ieros
634 3018 785 3079 lentandus
806 3020 835 3079 in
855 3019 956 3081 hostes

197 3105 311 3182 Arcus,
335 3113 366 3164 et
386 3105 509 3166 aetherii
531 3104 608 3165 dono
632 3122 753 3164 cessere
776 3113 913 3183 parentes

195 3190 357 3249 Aeternum
378 3189 486 3250 llorere
504 3208 608 3268 genas.
653 3188 695 3249 Tu
718 3188 820 3249 doctus
842 3189 954 3267 iniquas
1140 3201 1191 3257 705

197 3274 353 3334 Parcarum
375 3291 537 3353 praenosse
556 3292 656 3334 manus
678 3273 824 3351 fatumque
848 3273 925 3353 quod
949 3273 1021 3333 ultra
1044 3286 1098 3352 est,

198 3357 237 3417 Et
259 3375 370 3417 summo
387 3358 528 3437 placitura
547 3358 626 3435 lovi,
650 3360 715 3438 quis
738 3358 836 3417 letifer
858 3376 958 3433 annus,

197 3441 282 3503 Bella
303 3442 406 3521 quibus
428 3442 560 3521 populis,
581 3452 691 3503 mutent
713 3460 786 3521 quae
808 3452 926 3521 sceptra
949 3453 1091 3503 cometae.

199 3526 243 3586 Tu
264 3526 379 3605 Phryga
402 3526 543 3587 submittis
561 3522 709 3603 citharae,
729 3536 759 3587 tu
778 3528 876 3587 matris
893 3527 997 3587 honori

199 3610 389 3689 Terrigenam
409 3611 514 3689 Tityon
535 3613 645 3692 Stygiis
667 3611 800 3673 extendis
820 3613 924 3672 arenis.
1141 3621 1193 3677 710
