2842 4300
256 351 299 415 48
456 365 781 418 1³.rsent11sunun
801 351 1057 420 sunmerso.

257 523 391 604 Subligut
412 532 442 585 et
462 531 570 586 tructas
586 522 723 585 membris
742 523 918 605 spirantibus
937 525 1046 590 hastas.

258 610 392 688 Corpora
409 618 478 670 tuno
500 617 588 688 atque
608 609 792 670 armasimul
815 610 956 672 cumulata
977 620 1147 692 superstans

256 693 376 774 lucipit;
400 693 492 755 oranti
513 709 574 754 nox
595 702 626 754 et
641 695 710 772 iuga
732 694 820 773 longa
839 695 993 756 resultant:

322 779 409 839 ‘Diva
427 778 531 854 ierox,
552 780 650 856 magni
666 779 758 840 decus
776 781 980 860 ingeniumque
1002 782 1132 858 parentis
1201 789 1255 846 715

255 864 454 944 Bellipotens,
475 863 522 923 cui
542 871 626 923 torva
643 864 728 942 genis
748 863 872 924 horrore
890 865 1002 925 decoro

257 948 358 1011 Cassia
379 957 409 1010 et
430 947 574 1028 adsperso
596 947 743 1008 crudescit
761 950 902 1026 sanguine
924 947 1054 1026 Gorgon,

255 1034 321 1096 Nec
342 1035 436 1112 magis
455 1032 592 1093 ardentes
610 1031 728 1092 Mavors
744 1031 915 1112 lrsstataque
933 1049 1050 1112 pugnae

256 1119 397 1199 inpulerit
413 1117 535 1178 Bellona
556 1116 658 1193 tubas,
680 1117 748 1178 hnic
770 1135 863 1178 annue
881 1134 980 1194 sacro,

256 1207 316 1266 Seu
334 1202 491 1264 Pandionio
513 1210 628 1262 nostras
649 1202 777 1262 inrisere
799 1203 907 1263 caedes

255 1289 354 1349 Monte
375 1288 475 1364 venis,
499 1287 562 1346 sive
584 1285 679 1347 Aonia
699 1286 829 1348 devertis
849 1285 950 1348 lthone
1075 1351 1078 1356 ,

254 1373 344 1434 Laeta
366 1371 482 1448 choris,
502 1388 556 1430 seu
574 1380 604 1432 tu
622 1370 732 1448 Libyco
752 1370 870 1431 Tritone
892 1387 1019 1450 repexas

253 1457 326 1518 bota
343 1474 458 1533 comas,
479 1473 536 1535 qne
555 1465 586 1516 te
606 1455 707 1533 biiugo
725 1465 841 1516 temone
860 1456 1031 1516 frementem

254 1541 492 1604 Intemeratsrum
513 1540 636 1601 volucer
656 1541 734 1619 rapit
755 1541 818 1601 exis
840 1557 994 1620 equarum:

253 1626 338 1688 Nunc
354 1627 394 1685 ibi
414 1625 507 1685 fracta
524 1626 616 1686 virum
638 1625 735 1703 spolia
756 1623 954 1705 informesque
976 1625 1105 1686 dicamus
1237 1638 1247 1652 '

253 1711 392 1772 Exuvias.
436 1709 477 1769 At
496 1709 522 1769 si
542 1710 644 1788 patriis
665 1708 836 1770 Parthaonis
857 1712 935 1771 arvis

252 1795 383 1872 Inlerar,
407 1803 437 1854 et
456 1794 558 1855 reduci
579 1803 679 1873 pateat
696 1793 765 1854 mibi
785 1793 888 1854 lllertiu
905 1793 1043 1870 Pleuron,

252 1881 353 1941 Aurea
373 1888 441 1940 tunc
461 1877 567 1938 mediis
585 1877 666 1938 urbis
686 1878 739 1938 tibi
760 1878 869 1958 templa
891 1877 995 1941 dicabo

254 1963 402 2040 Collibus,
420 1962 516 2023 lonias
536 1980 592 2041 qua
611 1963 787 2043 despectare
809 1962 958 2043 procellas

254 2050 350 2111 Dulce
372 2050 426 2124 sit,
450 2057 480 2108 et
500 2047 577 2107 davo
600 2047 708 2107 tollens
729 2047 779 2107 ubi
797 2049 909 2108 vertice
929 2056 1047 2126 pontum

254 2133 398 2197 Turbidus
420 2132 553 2195 obiectas
574 2130 726 2194 dclrelous
747 2131 910 2195 Echinadas
932 2132 1001 2193 exit.

252 2221 308 2282 llic
329 2236 387 2297 ego
408 2219 547 2278 maiorum
567 2235 680 2297 pugnes
696 2217 854 2297 vultusque
873 2218 1042 2279 tremendos

252 2305 463 2382 Magnanimum
482 2302 618 2379 effingam
634 2320 753 2380 regum,
777 2302 922 2382 figamque
944 2301 1081 2381 superbis

253 2391 342 2450 Arma
360 2387 465 2463 tholis,
486 2404 621 2465 quaeque
640 2387 705 2465 ipse
726 2402 793 2446 meo
816 2388 948 2465 quaesita
969 2388 1072 2447 revexi

253 2474 418 2550 Sanguine,
439 2488 575 2551 quaeque
595 2469 679 2530 dabis
700 2472 811 2549 captis,
835 2470 979 2546 Tritonia,
1004 2469 1122 2531 Thebis.

254 2557 375 2618 Centum
396 2555 435 2614 ibi
457 2555 597 2632 virgineis
616 2564 704 2615 notae
727 2552 924 2631 Calydonides
946 2556 1004 2617 aris
1089 2583 1092 2589 v

252 2643 381 2702 Actaeas
402 2639 454 2700 tibi
475 2640 531 2700 rite
551 2639 634 2700 laces
657 2648 687 2700 et
707 2638 745 2700 ab
766 2639 872 2700 arbore
895 2649 975 2701 caetu

251 2726 379 2788 Nectent
399 2742 562 2804 purpureas
583 2725 671 2784 niveo
691 2724 856 2785 discrimine
878 2726 975 2801 vittas,
1091 2754 1094 2762 ‹

251 2810 486 2889 Pervigilemque
506 2809 583 2869 ionis
602 2810 700 2887 ignem
720 2808 864 2887 longaeva
886 2809 1025 2871 sacerdos

251 2895 383 2971 Nutriet,
405 2912 540 2955 arcanum
559 2910 711 2972 numquam
732 2894 899 2973 inspectura
920 2892 1072 2973 pudorem.

252 2980 297 3042 Tu
317 2980 420 3057 bellis,
442 2988 473 3039 tu
492 2994 567 3057 poce
587 2978 668 3039 letes
685 2978 723 3039 de
744 2996 827 3038 more
848 2978 1018 3056 frequentes

250 3065 392 3126 Primitiae
415 3080 551 3143 operum
573 3080 632 3123 non
652 3062 818 3141 indignante
839 3061 954 3123 Diana'

251 3150 389 3226 Dixerat,
409 3157 439 3210 et
457 3148 560 3209 dulces
577 3148 635 3209 iter
652 3147 829 3209 instaurabat
851 3146 886 3207 ad
908 3146 1016 3224 Argos.

642 3426 851 3438 W
