2842 4300
508 786 554 869 P.
585 784 797 871 PAPINII
824 717 1021 869 STATH'

339 873 1216 1053 rnuuuroos

577 1138 918 1213 LIBERIX'.

253 1374 398 1504 Asperat
420 1427 532 1486 Aonios
553 1426 652 1487 rabies
673 1426 769 1487 auditu
791 1428 903 1486 cruenti

256 1511 390 1588 Tydeos;
414 1512 470 1589 ipsi
493 1512 579 1571 etiarn
599 1514 690 1571 minus
713 1512 882 1588 ingemuere
903 1511 1047 1571 iacentem

254 1594 410 1655 Inachidae
433 1596 608 1675 culpantque
629 1598 722 1654 virum
746 1604 775 1654 et
795 1597 910 1673 rupisse
933 1603 1092 1674 queruntur

255 1680 311 1742 Fas
334 1680 406 1748 odii;
431 1680 566 1760 quinte,
590 1680 685 1739 divum
707 1679 950 1758 inplacidissiure‚
974 1696 1147 1757 quamquam

255 1764 447 1843 Praecipuum
467 1774 535 1825 tunc
558 1765 657 1825 caedis
681 1782 772 1843 opus,
794 1763 935 1839 Gradive,
958 1763 1088 1840 iurebus,
1246 1775 1265 1827 5

255 1848 404 1909 Offensum
426 1852 531 1909 virtute
554 1850 664 1925 ierunt,
686 1867 743 1908 nec
765 1851 894 1909 cominus
916 1850 1010 1927 ipsum

255 1933 329 2008 Ora,
356 1934 408 1993 sed
431 1944 461 1994 et
483 1934 615 2013 trepidos
636 1943 717 1993 retro
740 1935 862 1993 torsisse
884 1934 1009 2011 iugales.
1329 1909 1330 2004 l

317 2017 398 2095 Ergo
422 2019 602 2097 profanatum
624 2018 783 2097 Menalippi
805 2018 889 2078 iunus
915 2017 1024 2078 acerbo

254 2104 401 2180 Vulnere,
425 2120 483 2163 non
505 2104 569 2164 aliis
592 2104 680 2164 ultum
703 2101 840 2164 Cadmeia
861 2102 955 2182 pubes

1329 2286 1330 2321 l

252 2189 408 2266 Iusnrgunt
429 2189 566 2265 stimulis,
590 2191 719 2268 quamsi
741 2189 855 2248 turbata
877 2187 1022 2266 sepulcris
1229 2206 1265 2257 10

255 2271 330 2332 Ossa
354 2283 465 2351 patrum
486 2277 680 2352 monstrisque
703 2273 788 2333 datae
809 2273 976 2334 crudelibus
998 2291 1098 2332 urnae.

253 2357 398 2418 Accendit
418 2377 472 2416 rex
494 2359 558 2436 ipse
584 2376 687 2437 super:
719 2357 934 2436 ‘Quisquamne
955 2357 1087 2434 Pelasgis

253 2441 331 2501 Mitis
352 2441 445 2502 adbuc
467 2441 668 2520 hominemque
689 2440 789 2519 gerit?
817 2444 873 2501 iam
893 2441 1037 2501 morsibus
1059 2444 1142 2501 uncis
1163 2479 1208 2489 -

253 2525 310 2586 Pro
333 2526 430 2586 iuror!
462 2545 555 2605 usque
578 2527 653 2586 adeo
676 2527 735 2586 tela
757 2527 963 2587 exaltavimus!
986 2561 1029 2574 -
1053 2536 1134 2587 anus

252 2611 430 2672 Dilecerunt.
475 2610 578 2672 Nonne
599 2606 741 2687 Hyrcanis
764 2611 877 2670 bellare
899 2613 1006 2690 putatis
1228 2626 1261 2678 15

253 2695 406 2774 Tigribus,
431 2706 478 2756 aut
501 2714 607 2757 saevos
628 2695 738 2772 Libyae
761 2697 923 2756 contraire
944 2693 1072 2756 leones?

251 2779 289 2840 Et
311 2799 387 2840 nunc
411 2782 462 2841 ille
485 2783 562 2841 iacet
583 2814 624 2826 -
644 2781 766 2859 pulchra
789 2797 806 2838 o
829 2781 934 2841 solatia
955 2781 1023 2840 leti!
1046 2815 1087 2825 *-

252 2863 311 2925 Ore
334 2875 437 2926 tenens
460 2866 566 2925 hostile
590 2875 693 2944 caput,
724 2864 861 2943 dulcique
882 2865 1024 2926 nefandus

252 2949 406 3010 Inmoritur
427 2949 513 3019 tabo;
537 2967 591 3010 nos
614 2950 722 3010 ferrum
743 2952 812 3009 mite
831 2951 984 3029 facesque,

251 3034 315 3094 lllis
337 3034 413 3093 nuda
435 3033 517 3110 odia,
541 3043 571 3094 et
592 3035 694 3094 feritas
717 3035 772 3094 iarn
792 3051 851 3094 non
872 3045 942 3112 eget
961 3035 1056 3095 armis.
1224 3047 1259 3101 20

254 3121 303 3179 Sic
323 3127 465 3197 peragant
486 3118 579 3178 rubidi
601 3119 739 3197 claraque
760 3119 816 3180 bac
837 3120 904 3180 luce
925 3121 1065 3195 fruantur,

251 3202 326 3263 Duru
343 3201 443 3262 videas
460 3202 550 3278 baec,
573 3221 681 3263 summe
694 3213 794 3282 putem
817 3205 870 3264 sed
886 3207 961 3264 enim
975 3205 1091 3264 hiscere
1108 3221 1234 3284 campos

254 3285 414 3365 Conquesti
435 3297 590 3366 terraeque
612 3289 709 3364 iugum
731 3291 919 3359 miserantum
945 3307 981 3349 un
1001 3291 1075 3348 istos

251 3369 309 3430 Vel
330 3389 381 3430 sua
400 3382 498 3450 portet
517 3370 658 3433 humus?'
698 3371 804 3449 blagno
826 3373 869 3432 sic
890 3373 966 3433 latus
988 3372 1095 3450 agebat

252 3456 396 3515 Procursu
419 3456 592 3536 fremituque
611 3459 709 3532 viros,
737 3458 819 3516 luror
841 3459 971 3518 omnibus
993 3459 1069 3518 idem
1220 3470 1258 3522 25

252 3539 370 3614 Tydeos
392 3541 476 3600 invisi
502 3542 604 3619 spoliis
626 3550 769 3618 raptoque
791 3543 879 3619 potiri

253 3622 403 3702 Corpore;
427 3641 485 3684 non
507 3626 591 3685 aliter
612 3625 769 3684 subtexunt
789 3635 867 3686 astru
888 3635 1024 3687 catervae
