2842 4300
210 378 271 443 268
546 394 577 440 r.
602 392 736 441 rarum
757 392 874 441 srnuu

211 548 386 627 Submovet,
410 568 445 610 ac
465 548 552 610 dubio
577 550 713 631 coelique
735 546 883 629 Erebique
906 548 958 609 sub
981 566 1037 609 axe
1170 556 1226 610 560

211 635 340 694 Detinet.
385 634 448 695 Heu
472 636 609 715 princeps
629 636 746 695 natura!
770 636 819 695 uhi
840 630 977 695 numina?
999 632 1048 692 ubi
1068 632 1121 692 ille

209 719 348 778 Fulminis
370 721 466 779 iniusti
487 718 649 781 iaculator?
672 720 721 779 ubi
742 723 830 795 estis,
855 716 1011 780 Athenae?

211 804 339 883 Septima
362 806 417 865 iam
441 824 564 883 surgens
585 804 707 884 trepidis
730 804 844 865 Aurora
868 808 1000 865 iacentes

210 888 371 949 haereatur
394 892 492 968 equis:
515 890 614 950 radios
636 890 765 949 declinat
787 900 816 949 et
837 890 937 950 horret

210 973 360 1051 stelligeri
381 975 464 1035 iubar
486 992 569 1034 omne
593 974 669 1053 poli:
695 976 750 1035 iam
773 977 903 1035 cominus
926 977 1009 1053 ipsae
1166 981 1220 1036 565

158 1122 160 1127 ,
211 1056 320 1117 Pabula
342 1058 402 1118 dira
424 1060 505 1119 israe
529 1076 720 1139 campumque
742 1059 834 1119 odere
855 1060 993 1119 volucres

211 1144 374 1223 spirantem
397 1144 465 1203 tabo
487 1154 516 1204 et
539 1144 651 1205 coelum
673 1154 837 1224 ventosque
859 1152 1038 1224 gravantem.

211 1224 353 1300 Quantum
374 1231 481 1289 etenim
504 1246 662 1307 superesse
681 1228 770 1289 rear?
792 1230 866 1290 nuda
889 1248 957 1290 ossa
981 1239 1156 1309 putremque

209 1310 304 1373 Urere
327 1314 473 1393 permittat
495 1315 619 1381 saniem:
641 1324 819 1393 properate,
844 1314 966 1375 uerendi

212 1396 412 1479 Cecropidae:
434 1416 489 1459 ros
512 1400 565 1458 ista
587 1398 675 1458 decet
695 1400 837 1474 vindicta,
860 1400 1028 1479 priusquam
1167 1404 1222 1461 570

210 1481 333 1543 Emathii
356 1482 545 1563 Thracesque
566 1482 681 1558 dolent,
705 1502 840 1563 quaeque
863 1494 943 1543 extat
961 1482 1071 1561 ubique

211 1566 290 1627 Gens
313 1586 411 1627 arsura
432 1570 513 1647 rogis
534 1586 692 1647 manesque
716 1568 848 1628 habitura
871 1584 1034 1648 supremos.

210 1648 366 1731 Numquis
389 1654 444 1712 erit
464 1652 579 1713 saevire
600 1650 725 1712 modus?
747 1651 935 1729 bellavimus,
960 1662 1040 1718 esto:

212 1736 271 1796 Sed
292 1737 430 1797 cecidere
453 1738 536 1813 odia,
564 1744 593 1796 et
613 1738 712 1797 tristes
734 1754 813 1797 mors
836 1737 932 1797 obruit
953 1739 1022 1797 iras.

212 1818 254 1879 Tu
277 1820 411 1901 quoque,
436 1832 466 1883 ut
486 1823 625 1901 egregios
644 1822 719 1883 lama
740 1825 930 1900 cognovimus
952 1830 1046 1893 actus,
1168 1828 1223 1885 575
1332 1857 1333 1860 ¹

210 1904 277 1965 Nou
298 1906 428 1968 trucibus
449 1909 584 1967 monstris
607 1908 688 1967 Sinin
710 1907 915 1987 infandumque
938 1907 1044 1968 dedisti

213 1988 383 2069 Cercyona,
408 2002 438 2053 et
458 2010 576 2053 saevum
594 1992 690 2052 velles
714 1994 845 2067 Scyrona
868 2002 1035 2053 crematum.

212 2072 309 2137 Credo
332 2084 362 2137 et
379 2074 544 2137 Amazoniis
563 2076 671 2137 Tanain
691 2078 818 2138 fumasse
841 2077 996 2155 sepulcris,

211 2161 295 2223 Unde
317 2162 391 2223 haec
413 2181 491 2224 arma
511 2163 623 2228 reiers:
648 2164 700 2223 sed
719 2173 749 2223 et
767 2163 842 2223 hunc
857 2164 977 2241 dignare
992 2161 1177 2242 triumphum.

211 2246 256 2306 Da
279 2249 365 2308 terris
390 2265 474 2306 unum
496 2247 641 2326 coeloque
664 2247 823 2327 Ereboque
846 2247 988 2322 laborem,
1170 2255 1226 2311 580

212 2333 243 2390 Si
265 2333 388 2411 patrium
410 2331 579 2392 Marathona
603 2341 696 2408 metu,
720 2333 745 2392 si
767 2341 845 2392 tecta
866 2333 970 2392 levasti

213 2413 348 2491 Cressia,
373 2435 430 2476 nec
451 2416 522 2476 lrrdit
543 2431 635 2476 vanos
655 2433 726 2476 anus
748 2417 862 2496 hospita
884 2416 980 2476 iletus.

213 2501 263 2560 Sic
286 2501 336 2561 tibi
359 2501 514 2560 nonullae
536 2502 617 2560 socia
639 2503 702 2560 sine
723 2501 842 2561 Pallade
866 2519 994 2580 pugnae,

212 2583 277 2646 Nec
299 2603 385 2646 sacer
405 2585 532 2646 invideat
552 2585 670 2664 paribus
693 2585 858 2661 Tirynthius
881 2589 965 2657 actis,

213 2671 338 2750 Semper
360 2680 389 2730 et
409 2672 437 2729 in
460 2689 561 2746 curru,
586 2689 703 2749 semper
723 2679 753 2729 te
776 2681 868 2730 mater
889 2679 1024 2729 ovantem
1169 2679 1225 2732 585

215 2752 338 2829 Cernat,
362 2765 392 2816 et
414 2755 537 2815 invictae
558 2755 598 2815 nil
617 2755 676 2815 5515
700 2765 856 2834 precentur
874 2754 1030 2815 Athenae?

276 2840 413 2906 Dixerat:
437 2841 585 2919 excipiunt
607 2849 728 2900 cunctae
751 2840 927 2918 tenduntque
949 2843 1108 2917 precantes

214 2923 285 2984 Cum
307 2925 434 2984 clamore
456 2941 572 2990 manus:
601 2923 697 2984 rubuit
716 2923 876 3004 Neptunius
898 2925 987 2984 heros

213 3010 364 3070 Permotus
386 3009 529 3076 lacrimis;
556 3011 632 3070 iusta
654 3027 723 3070 mox
744 3011 874 3070 concitus
896 3011 939 3070 ira

213 3095 379 3154 Exclamat:
404 3091 572 3166 ‘Quaenam
594 3097 647 3155 ista
668 3111 762 3155 novos
783 3096 894 3156 induxit
915 3093 1022 3170 Erinys
1170 3104 1227 3159 590

213 3179 381 3256 Regnorum
401 3175 520 3237 mores?
542 3195 601 3240 uon
622 3181 695 3241 haec
719 3197 775 3258 ego
798 3189 919 3260 pectora
939 3179 1011 3257 liqui

214 3262 365 3324 Graiorum
386 3261 568 3340 abscedens,
593 3267 739 3340 Scythiam
761 3273 937 3344 pontumque
959 3264 1084 3324 nivalem

215 3346 308 3420 Quum
328 3355 476 3426 peterem:
500 3367 593 3409 novus
613 3349 689 3408 unde
710 3346 814 3409 luror'l
835 3351 981 3408 victumne
1002 3342 1114 3428 potasti
1178 3353 1182 3358 '

215 3430 346 3508 Thesea,
369 3433 431 3493 dire
451 3431 572 3494 Creoni
595 3435 710 3509 adsum,
733 3451 788 3493 nec
808 3435 930 3510 seguine
954 3433 1064 3494 lessam

216 3515 328 3583 Crede:
350 3519 409 3578 sitit
428 3521 549 3580 meritos
572 3521 724 3579 etiamnum
745 3517 922 3589 haechasta
942 3536 1074 3579 cruores.
1171 3530 1226 3585 595

214 3600 301 3661 Nulla
321 3619 402 3662 mora
424 3614 484 3668 est:
512 3613 597 3663 verte
618 3604 692 3662 huno
715 3603 805 3678 adeo,
829 3603 968 3662 lldissime
987 3603 1119 3685 Phegeu,

216 3683 426 3764 Cornipedem,
451 3697 480 3746 et
502 3687 605 3763 Tyrias
623 3689 756 3746 invectus
778 3688 911 3766 protinus
933 3705 1018 3748 arces
1053 3695 1056 3702 '
