2842 4300
516 374 719 427 THMDGG
740 376 812 427 m.
835 378 897 428 vn.
1143 368 1203 427 147

204 530 335 594 Gassidis
349 545 464 611 aequus
482 552 576 613 rpem
598 533 705 595 otim
727 533 803 595 lrsec
821 532 977 595 concordia
998 535 1142 597 nostrisl’
1232 576 1235 583 »

271 614 325 678 Gui
344 620 443 679 senior
462 620 576 681 ridens:
604 617 688 678 ‘Nou
709 620 800 699 pr‘nra
821 636 923 679 errore
942 618 1059 681 videndi

203 700 347 778 Falleris,
367 702 530 782 Antigone:
550 704 631 763 multi
650 703 722 779 bos,
743 722 810 764 narn
832 704 942 782 decipit
960 712 1057 780 aetas,
1151 716 1204 771 aas

202 786 347 847 Dixerunt
367 787 483 849 iratres.
527 788 615 849 Pater
633 797 678 848 est
699 797 867 869 natusque„
884 787 940 848 sed
954 790 1021 848 aevi

205 870 374 933 confudere
393 874 511 935 modos:
535 888 657 953 puerum
674 872 845 952 bapitbonia
862 872 989 952 nympha

203 956 333 1017 Dircetis
351 968 503 1037 expertem
523 958 641 1019 thalami
664 958 842 1038 crudumque
862 958 972 1019 maritis
1071 988 1077 996 ·

203 1040 323 1119 Ignibus
342 1051 408 1103 ante
430 1043 507 1104 diem
529 1043 635 1121 cepido
655 1042 778 1103 violavit
799 1060 915 1118 amore,

202 1124 330 1205 Inproba
352 1127 480 1197 conubii;
502 1144 559 1188 neo
579 1128 698 1206 longam
719 1136 749 1187 et
768 1128 891 1205 pulcher
907 1126 1066 1188 Alatbrens
1150 1138 1207 1193 ooo

203 1209 325 1288 Editus,
345 1229 380 1271 ac
401 1214 511 1291 primae
532 1214 696 1291 genitorem
716 1214 746 1272 in
766 1212 840 1272 dore
861 1214 996 1272 iuuentae

205 1292 402 1375 Gonsequitur
420 1299 566 1376 traxitque
586 1308 670 1357 notos
693 1306 725 1357 et
743 1298 861 1357 miscuit
882 1314 984 1357 annom
1091 1330 1094 1336 ,

156 1438 162 1447 ,
204 1377 242 1439 Et
264 1398 340 1441 nune
362 1384 407 1441 sic
425 1382 532 1443 babes
553 1385 671 1443 mentito
694 1383 811 1442 nomine
833 1381 977 1460 gaudent,

203 1464 273 1525 Plus
295 1474 392 1544 pater;
413 1466 489 1527 bunc
511 1468 580 1528 olim
600 1469 679 1527 iurat
697 1475 729 1527 et
747 1475 869 1527 neutuna
890 1475 1038 1525 senectus.

204 1548 380 1611 Tercentum
400 1554 517 1629 genitor
538 1552 717 1629 totidemque
739 1554 769 1611 in
790 1550 903 1630 proelia
925 1560 1010 1611 notus
1149 1561 1206 1615 000·

202 1632 352 1695 Exercent
373 1637 504 1715 equites:
527 1636 556 1699 bl
576 1636 745 1697 deseruisse
761 1636 893 1697 feruntur

202 1718 319 1780 Exilem
341 1719 469 1782 Glisanta
488 1720 729 1800 Gerouenmque,
752 1722 882 1781 feracem

202 1802 302 1864 llesse
325 1801 505 1881 Coroneam
527 1805 644 1867 Bacclro
667 1805 796 1867 Glisanta
817 1805 975 1870 colentes..

73 1918 74 1945 t
204 1889 265 1950 Sed
286 1890 383 1969 potius
405 1890 505 1949 celsos
526 1890 704 1951 umbrante·
726 1890 802 1949 bunc
820 1890 941 1968 adspice
963 1889 1022 1951 late

73 1986 74 2024 2
202 1972 323 2052 llypsea
344 1974 549 2054 quadriiugos,
573 1974 663 2053 clipei
684 1974 879 2053 septemplice
900 1982 984 2034 tauro
1149 1985 1205 2039 010

201 2056 322 2135 Laera‚·
339 2068 386 2119 ter
405 2059 502 2119 insuto
523 2068 687 2119 servantem
709 2060 837 2137 ingentia
858 2058 940 2119 ierro

203 2142 345 2204 Pectora:
369 2163 434 2205 nam
455 2153 540 2222 tergo
562 2163 715 2224 numquam
736 2154 840 2204 metus.
883 2141 973 2205 llasta
992 2155 1137 2206 vetretum
1252 2143 1255 2149 ’

73 2241 74 2286 1
204 2229 349 2289 Silvarum
368 2229 476 2306 decus,
498 2231 622 2290 emissae
643 2231 689 2289 oui
708 2229 811 2308 pervia
833 2246 954 2307 semper

73 2312 74 2366 ἶ
200 2313 349 2393 Armaque
369 2319 551 2395 pectoraque
571 2322 601 2374 et
621 2331 774 2394 numquam
796 2331 896 2374 manus
912 2315 998 2375 inrita
1017 2318 1089 2376 voti.

202 2397 323 2478 Asopos
341 2399 480 2476 genuisse
499 2399 599 2475 datur,
622 2399 784 2477 dignusque
806 2397 899 2478 rideri
1007 2455 1009 2459 .
1148 2409 1203 2464 000

73 2493 75 2566 l
203 2481 285 2543 'luno
306 2493 406 2562 pater,
428 2482 558 2563 abruptis
577 2495 671 2562 quum·
684 2483 912 2544 torrentissimus
934 2485 994 2544 exit

73 2580 74 2585 ’
201 2565 357 2644 Pontibus,
377 2577 426 2630 aut
446 2576 532 2629 natae
554 2569 679 2628 tumidus
699 2586 786 2648 quum
804 2568 925 2644 virginis
945 2567 1023 2628 ultor

200 2649 332 2712 Flumina
353 2655 500 2714 concussit
518 2669 658 2730 generum
675 2653 822 2730 indignata
846 2651 1014 2712 Tonantem.
1041 2694 1044 2701 ·

201 2732 334 2815 Namque
355 2737 452 2798 ierunt
471 2747 583 2816 raptam
604 2739 705 2816 patriis
725 2737 861 2814 Aeginan
883 2733 920 2796 ab
942 2737 1025 2796 undis

202 2820 348 2900 Amplexu
367 2821 490 2883 latuisse
509 2820 596 2882 lovis.
640 2819 722 2882 linrlt
740 2823 848 2895 amnis,
873 2829 904 2880 et
924 2823 1010 2881 astris
1149 2833 1204 2886 000

201 2904 336 2973 luleusus
358 2905 472 2968 bellare
495 2915 580 2986 parat
600 2938 642 2954 -·
661 2906 786 2969 nondam
807 2907 864 2966 ista
884 2905 1014 2966 licebant

200 2988 265 3050 blec
287 2985 402 3070 superis
422 3013 479 3060 --;
502 2991 583 3052 stetit
600 2991 729 3052 audaces
749 2991 859 3051 effusas
878 2991 908 3050 in
928 2991 1003 3066 iras,

203 3072 417 3155 Gonseruitque
434 3093 534 3136 manus
556 3093 611 3136 neo
634 3093 721 3156 quen
741 3075 903 3154 inploraret
923 3075 1067 3152 babebat,

201 3158 306 3220 Donec
327 3161 356 3219 vi
375 3163 496 3220 tonitrus
514 3161 664 3222 submotus
687 3170 719 3222 et
737 3163 805 3238 igne
827 3159 950 3220 trisulco

203 3241 310 3304 Gessit.
355 3243 459 3306 Adbuc
479 3247 553 3325 ripis
573 3248 719 3306 animosus
737 3263 849 3322 gurges
869 3243 983 3304 subolis
1146 3255 1198 3308 305

200 3326 381 3389 Fulmineum
404 3331 531 3390 cinerem
549 3347 733 3410 magnaeque
755 3329 877 3408 insignia
899 3345 1015 3408 poenae

73 3467 74 3472 ,
203 3411 315 3474 Gaudet
338 3423 367 3473 et
389 3413 539 3475 Aetnaeos
559 3418 588 3476 in
610 3416 725 3476 coelum
747 3415 850 3475 cidare
872 3431 1009 3494 vapores.

202 3495 303 3559 'l'alem
326 3496 453 3558 Cadmeo
476 3501 639 3560 mirabimur
656 3500 776 3580 Hypsea
798 3515 920 3578 campo,

202 3582 233 3642 Si
255 3583 341 3643 modo
364 3583 491 3662 placavit
512 3585 585 3644 lelix
605 3585 719 3663 Aegina
739 3584 908 3645 Tonantem.

72 3744 74 3765 r
138 3695 142 3702 ¹
201 3665 288 3728 Ducit
305 3667 462 3729 ltbonaeos
482 3677 512 3730 et
532 3668 761 3732 Alalcomenaea
780 3668 930 3730 Mineruae
971 3750 1033 3812 ¹⁰*
1145 3634 1240 3732 ato·
