<?xml version="1.0" encoding="UTF-8"?>
<!DOCTYPE html PUBLIC "-//W3C//DTD XHTML 1.0 Transitional//EN"
    "http://www.w3.org/TR/xhtml1/DTD/xhtml1-transitional.dtd">
<html xmlns="http://www.w3.org/1999/xhtml" xml:lang="en" lang="en">
 <head>
  <title>
</title>
<meta http-equiv="Content-Type" content="text/html;charset=utf-8" />
  <meta name='ocr-system' content='tesseract 3.04.00' />
  <meta name='ocr-capabilities' content='ocr_page ocr_carea ocr_par ocr_line ocrx_word'/>
</head>
<body>
  <div class='ocr_page' id='page_1' title='image "./publiuspapinius01quecgoog_0421.png"; bbox 0 0 2842 4300; ppageno 0'>
   <div class='ocr_carea' id='block_1_1' title="bbox 263 319 928 387">
    <p class='ocr_par' dir='ltr' id='par_1_1' title="bbox 263 319 928 387">
     <span class='ocr_line' id='line_1_1' title="bbox 263 319 928 387; baseline 0 -6"><span class='ocrx_word' id='word_1_1' title='bbox 263 319 325 385; x_wconf 76' lang='lat'>224</span> <span class='ocrx_word' id='word_1_2' title='bbox 584 334 633 387; x_wconf 78' lang='lat' dir='ltr'>.t&gt;.</span> <span class='ocrx_word' id='word_1_3' title='bbox 657 334 792 383; x_wconf 76' lang='grc'><strong>5555555</strong></span> <span class='ocrx_word' id='word_1_4' title='bbox 813 333 928 383; x_wconf 80' lang='lat' dir='ltr'>suern</span> 
     </span>
    </p>
   </div>
   <div class='ocr_carea' id='block_1_2' title="bbox 247 488 1308 3704">
    <p class='ocr_par' dir='ltr' id='par_1_2' title="bbox 247 488 1308 3704">
     <span class='ocr_line' id='line_1_2' title="bbox 264 488 966 571; baseline 0.001 -21"><span class='ocrx_word' id='word_1_5' title='bbox 264 488 389 550; x_wconf 75' lang='lat' dir='ltr'><strong>Desiluit</strong></span> <span class='ocrx_word' id='word_1_6' title='bbox 409 488 513 565; x_wconf 71' lang='lat' dir='ltr'>gavisa</span> <span class='ocrx_word' id='word_1_7' title='bbox 531 488 643 571; x_wconf 74' lang='lat' dir='ltr'>plagis:</span> <span class='ocrx_word' id='word_1_8' title='bbox 664 489 736 553; x_wconf 89' lang='lat' dir='ltr'>dant</span> <span class='ocrx_word' id='word_1_9' title='bbox 755 489 836 551; x_wconf 81' lang='lat' dir='ltr'>clara</span> <span class='ocrx_word' id='word_1_10' title='bbox 857 491 966 551; x_wconf 77' lang='lat' dir='ltr'>meanti</span> 
     </span>
     <span class='ocr_line' id='line_1_3' title="bbox 265 573 1100 653; baseline 0 -20"><span class='ocrx_word' id='word_1_11' title='bbox 265 575 353 634; x_wconf 83' lang='lat' dir='ltr'>Astra</span> <span class='ocrx_word' id='word_1_12' title='bbox 375 574 486 649; x_wconf 85' lang='grc'><strong>155555,</strong></span> <span class='ocrx_word' id='word_1_13' title='bbox 509 591 643 653; x_wconf 89' lang='lat' dir='ltr'>quosque</span> <span class='ocrx_word' id='word_1_14' title='bbox 662 576 727 653; x_wconf 88' lang='lat' dir='ltr'>ipsa</span> <span class='ocrx_word' id='word_1_15' title='bbox 747 574 825 653; x_wconf 90' lang='lat' dir='ltr'>polis</span> <span class='ocrx_word' id='word_1_16' title='bbox 846 573 981 635; x_wconf 80' lang='lat' dir='ltr'>affixerat</span> <span class='ocrx_word' id='word_1_17' title='bbox 1002 573 1100 650; x_wconf 76' lang='lat' dir='ltr'>ignes.</span> 
     </span>
     <span class='ocr_line' id='line_1_4' title="bbox 265 658 1168 738; baseline 0.003 -17"><span class='ocrx_word' id='word_1_18' title='bbox 265 658 384 738; x_wconf 87' lang='lat' dir='ltr'>lamque</span> <span class='ocrx_word' id='word_1_19' title='bbox 404 660 508 738; x_wconf 79' lang='lat' dir='ltr'><strong>premit</strong></span> <span class='ocrx_word' id='word_1_20' title='bbox 528 668 640 735; x_wconf 85' lang='lat' dir='ltr'>terras,</span> <span class='ocrx_word' id='word_1_21' title='bbox 658 676 717 719; x_wconf 89' lang='lat' dir='ltr'>nec</span> <span class='ocrx_word' id='word_1_22' title='bbox 735 659 833 719; x_wconf 78' lang='lat' dir='ltr'>vatus</span> <span class='ocrx_word' id='word_1_23' title='bbox 853 658 891 719; x_wconf 88' lang='lat' dir='ltr'>ah</span> <span class='ocrx_word' id='word_1_24' title='bbox 911 658 1033 719; x_wconf 76' lang='lat' dir='ltr'>aethere</span> <span class='ocrx_word' id='word_1_25' title='bbox 1052 658 1168 737; x_wconf 61' lang='lat' dir='ltr'>longam</span> 
     </span>
     <span class='ocr_line' id='line_1_5' title="bbox 247 742 1045 822; baseline 0.001 -18"><span class='ocrx_word' id='word_1_26' title='bbox 247 742 328 804; x_wconf 86' lang='lat' dir='ltr'>&#39;Sed</span> <span class='ocrx_word' id='word_1_27' title='bbox 349 742 457 822; x_wconf 83' lang='lat' dir='ltr'>placuit</span> <span class='ocrx_word' id='word_1_28' title='bbox 478 751 589 805; x_wconf 87' lang='lat' dir='ltr'>mutare</span> <span class='ocrx_word' id='word_1_29' title='bbox 608 760 719 821; x_wconf 74' lang='lat' dir='ltr'>ganas,</span> <span class='ocrx_word' id='word_1_30' title='bbox 734 742 774 803; x_wconf 79' lang='lat' dir='ltr'>iit</span> <span class='ocrx_word' id='word_1_31' title='bbox 793 742 916 822; x_wconf 84' lang='lat' dir='ltr'>provida</span> <span class='ocrx_word' id='word_1_32' title='bbox 936 742 1045 818; x_wconf 84' lang='lat' dir='ltr'>llanto,</span> 
     </span>
     <span class='ocr_line' id='line_1_6' title="bbox 267 826 1272 907; baseline 0.003 -19"><span class='ocrx_word' id='word_1_33' title='bbox 267 827 429 907; x_wconf 83' lang='lat' dir='ltr'>Responsis</span> <span class='ocrx_word' id='word_1_34' title='bbox 452 837 482 889; x_wconf 93' lang='lat' dir='ltr'>ut</span> <span class='ocrx_word' id='word_1_35' title='bbox 502 827 590 907; x_wconf 92' lang='lat' dir='ltr'>plena</span> <span class='ocrx_word' id='word_1_36' title='bbox 610 826 700 904; x_wconf 87' lang='lat' dir='ltr'>fides,</span> <span class='ocrx_word' id='word_1_37' title='bbox 724 836 754 889; x_wconf 91' lang='lat' dir='ltr'>et</span> <span class='ocrx_word' id='word_1_38' title='bbox 774 828 877 892; x_wconf 83' lang='lat' dir='ltr'>fraude</span> <span class='ocrx_word' id='word_1_39' title='bbox 896 830 1014 907; x_wconf 90' lang='lat' dir='ltr'>priores</span> <span class='ocrx_word' id='word_1_40' title='bbox 1225 834 1272 891; x_wconf 82' lang='grc'>615</span> 
     </span>
     <span class='ocr_line' id='line_1_7' title="bbox 265 911 958 991; baseline 0.001 -18"><span class='ocrx_word' id='word_1_41' title='bbox 265 912 388 973; x_wconf 86' lang='lat' dir='ltr'>Eruitur</span> <span class='ocrx_word' id='word_1_42' title='bbox 408 912 519 980; x_wconf 86' lang='lat' dir='ltr'>vultus;</span> <span class='ocrx_word' id='word_1_43' title='bbox 541 911 611 975; x_wconf 85' lang='lat' dir='ltr'>abiit</span> <span class='ocrx_word' id='word_1_44' title='bbox 629 912 793 991; x_wconf 90' lang='lat' dir='ltr'>horrorque</span> <span class='ocrx_word' id='word_1_45' title='bbox 813 914 958 991; x_wconf 77' lang='lat' dir='ltr'>vigorque</span> 
     </span>
     <span class='ocr_line' id='line_1_8' title="bbox 265 995 1068 1077; baseline -0.002 -18"><span class='ocrx_word' id='word_1_46' title='bbox 265 997 313 1059; x_wconf 83' lang='lat' dir='ltr'>En</span> <span class='ocrx_word' id='word_1_47' title='bbox 335 995 444 1076; x_wconf 86' lang='lat' dir='ltr'>oculis,</span> <span class='ocrx_word' id='word_1_48' title='bbox 464 996 579 1076; x_wconf 90' lang='lat' dir='ltr'>paulurn</span> <span class='ocrx_word' id='word_1_49' title='bbox 596 996 715 1059; x_wconf 87' lang='lat' dir='ltr'>decoris</span> <span class='ocrx_word' id='word_1_50' title='bbox 736 999 895 1077; x_wconf 84' lang='lat' dir='ltr'>permansit</span> <span class='ocrx_word' id='word_1_51' title='bbox 914 998 1068 1076; x_wconf 89' lang='lat' dir='ltr'>honosque</span> 
     </span>
     <span class='ocr_line' id='line_1_9' title="bbox 265 1080 963 1161; baseline -0.006 -16"><span class='ocrx_word' id='word_1_52' title='bbox 265 1082 402 1158; x_wconf 79' lang='lat' dir='ltr'>Mollior,</span> <span class='ocrx_word' id='word_1_53' title='bbox 422 1091 453 1142; x_wconf 91' lang='lat' dir='ltr'>et</span> <span class='ocrx_word' id='word_1_54' title='bbox 471 1080 570 1161; x_wconf 87' lang='lat' dir='ltr'>posito</span> <span class='ocrx_word' id='word_1_55' title='bbox 589 1083 864 1160; x_wconf 32' lang='lat' dir='ltr'>uatumtgestamina</span> <span class='ocrx_word' id='word_1_56' title='bbox 881 1082 963 1143; x_wconf 88' lang='lat' dir='ltr'>lerro</span> 
     </span>
     <span class='ocr_line' id='line_1_10' title="bbox 266 1165 1040 1245; baseline 0.005 -18"><span class='ocrx_word' id='word_1_57' title='bbox 266 1166 402 1235; x_wconf 86' lang='lat' dir='ltr'>Subdita;</span> <span class='ocrx_word' id='word_1_58' title='bbox 425 1166 607 1231; x_wconf 88' lang='lat' dir='ltr'>descendunt</span> <span class='ocrx_word' id='word_1_59' title='bbox 626 1176 744 1243; x_wconf 83' lang='lat' dir='ltr'>uestes,</span> <span class='ocrx_word' id='word_1_60' title='bbox 763 1167 915 1245; x_wconf 84' lang='lat' dir='ltr'>torvisque</span> <span class='ocrx_word' id='word_1_61' title='bbox 934 1165 1040 1244; x_wconf 68' lang='lat' dir='ltr'>ligatur</span> 
     </span>
     <span class='ocr_line' id='line_1_11' title="bbox 265 1247 1272 1332; baseline 0.003 -21"><span class='ocrx_word' id='word_1_62' title='bbox 265 1252 344 1312; x_wconf 87' lang='lat' dir='ltr'>Vitta</span> <span class='ocrx_word' id='word_1_63' title='bbox 366 1252 472 1328; x_wconf 82' lang='lat' dir='ltr'>connis,</span> <span class='ocrx_word' id='word_1_64' title='bbox 495 1269 559 1311; x_wconf 87' lang='lat' dir='ltr'>nam</span> <span class='ocrx_word' id='word_1_65' title='bbox 581 1252 678 1313; x_wconf 88' lang='lat' dir='ltr'>laurus</span> <span class='ocrx_word' id='word_1_66' title='bbox 702 1260 783 1328; x_wconf 83' lang='lat' dir='ltr'>erat,</span> <span class='ocrx_word' id='word_1_67' title='bbox 802 1261 900 1311; x_wconf 86' lang='lat' dir='ltr'>tamen</span> <span class='ocrx_word' id='word_1_68' title='bbox 918 1269 1027 1332; x_wconf 84' lang='lat' dir='ltr'>aspera</span> <span class='ocrx_word' id='word_1_69' title='bbox 1047 1247 1184 1329; x_wconf 89' lang='lat' dir='ltr'>produnt</span> <span class='ocrx_word' id='word_1_70' title='bbox 1225 1257 1272 1314; x_wconf 81' lang='grc'>655</span> 
     </span>
     <span class='ocr_line' id='line_1_12' title="bbox 267 1334 1070 1415; baseline -0.001 -19"><span class='ocrx_word' id='word_1_71' title='bbox 267 1336 325 1397; x_wconf 89' lang='lat' dir='ltr'>0ra</span> <span class='ocrx_word' id='word_1_72' title='bbox 340 1334 439 1413; x_wconf 90' lang='lat' dir='ltr'>deam,</span> <span class='ocrx_word' id='word_1_73' title='bbox 458 1336 594 1415; x_wconf 87' lang='lat' dir='ltr'>nimiique</span> <span class='ocrx_word' id='word_1_74' title='bbox 614 1337 733 1415; x_wconf 76' lang='lat' dir='ltr'>gradus.</span> <span class='ocrx_word' id='word_1_75' title='bbox 778 1337 829 1398; x_wconf 89' lang='lat' dir='ltr'>Sic</span> <span class='ocrx_word' id='word_1_76' title='bbox 847 1335 939 1412; x_wconf 71' lang='lat' dir='ltr'>Lydia</span> <span class='ocrx_word' id='word_1_77' title='bbox 961 1336 1070 1397; x_wconf 81' lang='lat' dir='ltr'>coniux</span> 
     </span>
     <span class='ocr_line' id='line_1_13' title="bbox 266 1420 957 1501; baseline 0.001 -20"><span class='ocrx_word' id='word_1_78' title='bbox 266 1420 544 1501; x_wconf 77' lang='lat' dir='ltr'>Amphitryoniaden</span> <span class='ocrx_word' id='word_1_79' title='bbox 564 1431 681 1483; x_wconf 84' lang='lat' dir='ltr'>exutum</span> <span class='ocrx_word' id='word_1_80' title='bbox 701 1420 853 1483; x_wconf 70' lang='lat' dir='ltr'>horrentia</span> <span class='ocrx_word' id='word_1_81' title='bbox 870 1431 957 1499; x_wconf 74' lang='lat' dir='ltr'>terga</span> 
     </span>
     <span class='ocr_line' id='line_1_14' title="bbox 266 1505 993 1579; baseline -0.003 -12"><span class='ocrx_word' id='word_1_82' title='bbox 266 1505 394 1567; x_wconf 88' lang='lat' dir='ltr'>Perdere</span> <span class='ocrx_word' id='word_1_83' title='bbox 417 1506 553 1567; x_wconf 90' lang='lat' dir='ltr'>Sidonios</span> <span class='ocrx_word' id='word_1_84' title='bbox 574 1506 700 1567; x_wconf 88' lang='lat' dir='ltr'>humeris</span> <span class='ocrx_word' id='word_1_85' title='bbox 723 1505 840 1567; x_wconf 83' lang='lat' dir='ltr'>ridebat</span> <span class='ocrx_word' id='word_1_86' title='bbox 860 1506 993 1579; x_wconf 80' lang='lat' dir='ltr'>amiotus,</span> 
     </span>
     <span class='ocr_line' id='line_1_15' title="bbox 266 1589 1047 1669; baseline -0.005 -19"><span class='ocrx_word' id='word_1_87' title='bbox 266 1590 304 1650; x_wconf 86' lang='lat' dir='ltr'>Et</span> <span class='ocrx_word' id='word_1_88' title='bbox 326 1590 444 1651; x_wconf 89' lang='lat' dir='ltr'>turbare</span> <span class='ocrx_word' id='word_1_89' title='bbox 464 1590 548 1651; x_wconf 88' lang='lat' dir='ltr'>colus</span> <span class='ocrx_word' id='word_1_90' title='bbox 569 1600 599 1651; x_wconf 90' lang='grc'>55</span> <span class='ocrx_word' id='word_1_91' title='bbox 618 1600 755 1669; x_wconf 75' lang='lat' dir='ltr'>tympana</span> <span class='ocrx_word' id='word_1_92' title='bbox 774 1608 914 1669; x_wconf 79' lang='lat' dir='ltr'>rumpere</span> <span class='ocrx_word' id='word_1_93' title='bbox 934 1589 1047 1651; x_wconf 78' lang='lat' dir='ltr'>dextm.</span> 
     </span>
     <span class='ocr_line' id='line_1_16' title="bbox 329 1670 1272 1753; baseline 0.002 -18"><span class='ocrx_word' id='word_1_94' title='bbox 329 1676 388 1735; x_wconf 88' lang='lat' dir='ltr'>Sed</span> <span class='ocrx_word' id='word_1_95' title='bbox 407 1693 502 1753; x_wconf 89' lang='lat' dir='ltr'>neque</span> <span class='ocrx_word' id='word_1_96' title='bbox 524 1684 555 1735; x_wconf 90' lang='lat' dir='ltr'>te</span> <span class='ocrx_word' id='word_1_97' title='bbox 573 1676 742 1737; x_wconf 80' lang='lat' dir='ltr'>indecorem</span> <span class='ocrx_word' id='word_1_98' title='bbox 758 1676 852 1738; x_wconf 81' lang='lat' dir='ltr'>suerio</span> <span class='ocrx_word' id='word_1_99' title='bbox 874 1674 1049 1753; x_wconf 72' lang='lat' dir='ltr'>dignumque</span> <span class='ocrx_word' id='word_1_100' title='bbox 1068 1670 1171 1733; x_wconf 86' lang='lat' dir='ltr'>iuberi</span> <span class='ocrx_word' id='word_1_101' title='bbox 1223 1682 1272 1737; x_wconf 86' lang='grc'>656</span> 
     </span>
     <span class='ocr_line' id='line_1_17' title="bbox 267 1758 1030 1839; baseline -0.003 -18"><span class='ocrx_word' id='word_1_102' title='bbox 267 1758 349 1821; x_wconf 84' lang='lat' dir='ltr'>Talia</span> <span class='ocrx_word' id='word_1_103' title='bbox 371 1758 496 1823; x_wconf 84' lang='lat' dir='ltr'>Dircaea</span> <span class='ocrx_word' id='word_1_104' title='bbox 518 1770 642 1823; x_wconf 89' lang='lat' dir='ltr'>stantem</span> <span class='ocrx_word' id='word_1_105' title='bbox 663 1776 718 1839; x_wconf 93' lang='lat' dir='ltr'>pro</span> <span class='ocrx_word' id='word_1_106' title='bbox 740 1769 837 1834; x_wconf 90' lang='lat' dir='ltr'>turre,</span> <span class='ocrx_word' id='word_1_107' title='bbox 855 1758 1030 1835; x_wconf 87' lang='lat' dir='ltr'>llenoeceu,</span> 
     </span>
     <span class='ocr_line' id='line_1_18' title="bbox 267 1844 963 1923; baseline -0.004 -17"><span class='ocrx_word' id='word_1_108' title='bbox 267 1845 392 1913; x_wconf 83' lang='lat' dir='ltr'>Invenit;</span> <span class='ocrx_word' id='word_1_109' title='bbox 415 1847 564 1907; x_wconf 82' lang='lat' dir='ltr'>inmensae</span> <span class='ocrx_word' id='word_1_110' title='bbox 584 1854 718 1907; x_wconf 86' lang='lat' dir='ltr'>reserato</span> <span class='ocrx_word' id='word_1_111' title='bbox 739 1844 835 1905; x_wconf 85' lang='lat' dir='ltr'>limine</span> <span class='ocrx_word' id='word_1_112' title='bbox 857 1852 963 1923; x_wconf 85' lang='lat' dir='ltr'>portae</span> 
     </span>
     <span class='ocr_line' id='line_1_19' title="bbox 267 1927 1057 2009; baseline -0.01 -16"><span class='ocrx_word' id='word_1_113' title='bbox 267 1928 426 1993; x_wconf 88' lang='lat' dir='ltr'>Sternebas</span> <span class='ocrx_word' id='word_1_114' title='bbox 447 1929 580 2005; x_wconf 88' lang='lat' dir='ltr'>Danaos,</span> <span class='ocrx_word' id='word_1_115' title='bbox 600 1931 710 2009; x_wconf 89' lang='lat' dir='ltr'>pariter</span> <span class='ocrx_word' id='word_1_116' title='bbox 730 1927 891 1989; x_wconf 82' lang='lat' dir='ltr'>llavortius</span> <span class='ocrx_word' id='word_1_117' title='bbox 915 1927 1057 1989; x_wconf 85' lang='lat' dir='ltr'>Haemon.</span> 
     </span>
     <span class='ocr_line' id='line_1_20' title="bbox 266 2012 1065 2093; baseline -0.008 -16"><span class='ocrx_word' id='word_1_118' title='bbox 266 2015 327 2077; x_wconf 89' lang='lat' dir='ltr'>Sed</span> <span class='ocrx_word' id='word_1_119' title='bbox 349 2016 556 2092; x_wconf 84' lang='lat' dir='ltr'>consanguinei</span> <span class='ocrx_word' id='word_1_120' title='bbox 573 2015 702 2093; x_wconf 83' lang='lat' dir='ltr'>quamvis</span> <span class='ocrx_word' id='word_1_121' title='bbox 724 2022 812 2092; x_wconf 82' lang='lat' dir='ltr'>atque</span> <span class='ocrx_word' id='word_1_122' title='bbox 834 2014 930 2073; x_wconf 80' lang='lat' dir='ltr'>omnia</span> <span class='ocrx_word' id='word_1_123' title='bbox 947 2012 1065 2088; x_wconf 81' lang='lat' dir='ltr'>fratrea,</span> 
     </span>
     <span class='ocr_line' id='line_1_21' title="bbox 268 2097 1267 2179; baseline -0.001 -17"><span class='ocrx_word' id='word_1_124' title='bbox 268 2098 311 2162; x_wconf 87' lang='lat' dir='ltr'>Tu</span> <span class='ocrx_word' id='word_1_125' title='bbox 332 2100 428 2179; x_wconf 93' lang='lat' dir='ltr'>prior,</span> <span class='ocrx_word' id='word_1_126' title='bbox 450 2100 599 2162; x_wconf 79' lang='lat' dir='ltr'>exanimes</span> <span class='ocrx_word' id='word_1_127' title='bbox 620 2097 910 2160; x_wconf 82' lang='lat' dir='ltr'>circumeamuluntur</span> <span class='ocrx_word' id='word_1_128' title='bbox 930 2098 1040 2158; x_wconf 80' lang='lat' dir='ltr'>acerui.</span> <span class='ocrx_word' id='word_1_129' title='bbox 1221 2104 1267 2161; x_wconf 87' lang='grc'>655</span> 
     </span>
     <span class='ocr_line' id='line_1_22' title="bbox 268 2182 1176 2260; baseline -0.003 -15"><span class='ocrx_word' id='word_1_130' title='bbox 268 2185 360 2245; x_wconf 85' lang='lat' dir='ltr'>Omne</span> <span class='ocrx_word' id='word_1_131' title='bbox 382 2185 467 2248; x_wconf 85' lang='lat' dir='ltr'>sedet</span> <span class='ocrx_word' id='word_1_132' title='bbox 489 2185 594 2260; x_wconf 86' lang='lat' dir='ltr'>telum,</span> <span class='ocrx_word' id='word_1_133' title='bbox 615 2183 687 2244; x_wconf 90' lang='lat' dir='ltr'>nulli</span> <span class='ocrx_word' id='word_1_134' title='bbox 705 2184 769 2243; x_wconf 87' lang='lat' dir='ltr'>sine</span> <span class='ocrx_word' id='word_1_135' title='bbox 790 2182 930 2245; x_wconf 87' lang='lat' dir='ltr'>caedibus</span> <span class='ocrx_word' id='word_1_136' title='bbox 950 2185 1034 2243; x_wconf 88' lang='lat' dir='ltr'>ictas.</span> <span class='ocrx_word' id='word_1_137' title='bbox 1171 2252 1176 2258; x_wconf 30' lang='lat'><strong>¹</strong></span> 
     </span>
     <span class='ocr_line' id='line_1_23' title="bbox 266 2267 1215 2346; baseline -0.002 -16"><span class='ocrx_word' id='word_1_138' title='bbox 266 2269 398 2330; x_wconf 85' lang='lat' dir='ltr'>Necdum</span> <span class='ocrx_word' id='word_1_139' title='bbox 418 2271 518 2330; x_wconf 87' lang='lat' dir='ltr'>aderat</span> <span class='ocrx_word' id='word_1_140' title='bbox 538 2271 644 2337; x_wconf 65' lang='lat' dir='ltr'>virtum</span> <span class='ocrx_word' id='word_1_141' title='bbox 664 2285 723 2328; x_wconf 93' lang='lat' dir='ltr'>non</span> <span class='ocrx_word' id='word_1_142' title='bbox 742 2286 842 2343; x_wconf 88' lang='lat' dir='ltr'>mens,</span> <span class='ocrx_word' id='word_1_143' title='bbox 865 2285 924 2327; x_wconf 90' lang='lat' dir='ltr'>non</span> <span class='ocrx_word' id='word_1_144' title='bbox 945 2267 1050 2329; x_wconf 84' lang='lat' dir='ltr'>dextra</span> <span class='ocrx_word' id='word_1_145' title='bbox 1070 2268 1215 2346; x_wconf 78' lang='lat' dir='ltr'>quiescit,</span> 
     </span>
     <span class='ocr_line' id='line_1_24' title="bbox 267 2353 1040 2430; baseline -0.005 -14"><span class='ocrx_word' id='word_1_146' title='bbox 267 2354 334 2416; x_wconf 88' lang='lat' dir='ltr'>Non</span> <span class='ocrx_word' id='word_1_147' title='bbox 356 2353 440 2414; x_wconf 84' lang='lat' dir='ltr'>avida</span> <span class='ocrx_word' id='word_1_148' title='bbox 459 2369 536 2414; x_wconf 89' lang='lat' dir='ltr'>arma</span> <span class='ocrx_word' id='word_1_149' title='bbox 557 2361 677 2429; x_wconf 86' lang='lat' dir='ltr'>uacant,</span> <span class='ocrx_word' id='word_1_150' title='bbox 696 2354 760 2430; x_wconf 85' lang='lat' dir='ltr'>ipsa</span> <span class='ocrx_word' id='word_1_151' title='bbox 777 2353 905 2413; x_wconf 89' lang='lat' dir='ltr'>insanire</span> <span class='ocrx_word' id='word_1_152' title='bbox 925 2353 1040 2414; x_wconf 86' lang='lat' dir='ltr'>uidetur</span> 
     </span>
     <span class='ocr_line' id='line_1_25' title="bbox 268 2437 1059 2518; baseline -0.004 -19"><span class='ocrx_word' id='word_1_153' title='bbox 268 2437 380 2518; x_wconf 86' lang='lat' dir='ltr'>Sphinx</span> <span class='ocrx_word' id='word_1_154' title='bbox 400 2437 506 2514; x_wconf 78' lang='lat' dir='ltr'>galeae</span> <span class='ocrx_word' id='word_1_155' title='bbox 526 2445 641 2514; x_wconf 90' lang='lat' dir='ltr'>custos,</span> <span class='ocrx_word' id='word_1_156' title='bbox 661 2438 786 2516; x_wconf 84' lang='lat' dir='ltr'>visoque</span> <span class='ocrx_word' id='word_1_157' title='bbox 806 2439 931 2500; x_wconf 86' lang='lat' dir='ltr'>animata</span> <span class='ocrx_word' id='word_1_158' title='bbox 953 2455 1059 2498; x_wconf 88' lang='lat' dir='ltr'>cruore</span> 
     </span>
     <span class='ocr_line' id='line_1_26' title="bbox 269 2521 1266 2602; baseline 0.003 -19"><span class='ocrx_word' id='word_1_159' title='bbox 269 2523 381 2584; x_wconf 83' lang='lat' dir='ltr'>Emicat</span> <span class='ocrx_word' id='word_1_160' title='bbox 402 2522 535 2600; x_wconf 77' lang='lat' dir='ltr'>efligies,</span> <span class='ocrx_word' id='word_1_161' title='bbox 558 2530 588 2582; x_wconf 87' lang='grc'>55</span> <span class='ocrx_word' id='word_1_162' title='bbox 609 2537 711 2602; x_wconf 89' lang='lat' dir='ltr'>sparsa</span> <span class='ocrx_word' id='word_1_163' title='bbox 733 2521 882 2584; x_wconf 88' lang='lat' dir='ltr'>orichalca</span> <span class='ocrx_word' id='word_1_164' title='bbox 903 2522 1048 2596; x_wconf 80' lang='lat' dir='ltr'>renident,</span> <span class='ocrx_word' id='word_1_165' title='bbox 1220 2530 1266 2586; x_wconf 79' lang='grc'>661</span> 
     </span>
     <span class='ocr_line' id='line_1_27' title="bbox 269 2605 1162 2686; baseline -0.004 -18"><span class='ocrx_word' id='word_1_166' title='bbox 269 2607 363 2684; x_wconf 82' lang='lat' dir='ltr'>Quum</span> <span class='ocrx_word' id='word_1_167' title='bbox 386 2607 441 2668; x_wconf 88' lang='lat' dir='ltr'>dea</span> <span class='ocrx_word' id='word_1_168' title='bbox 461 2607 615 2686; x_wconf 75' lang='lat' dir='ltr'>pugnantis</span> <span class='ocrx_word' id='word_1_169' title='bbox 636 2606 772 2686; x_wconf 91' lang='lat' dir='ltr'>capulum</span> <span class='ocrx_word' id='word_1_170' title='bbox 789 2605 980 2686; x_wconf 79' lang='lat' dir='ltr'>dextramque</span> <span class='ocrx_word' id='word_1_171' title='bbox 1000 2605 1162 2684; x_wconf 84' lang='lat' dir='ltr'>repressit:</span> 
     </span>
     <span class='ocr_line' id='line_1_28' title="bbox 333 2689 1172 2771; baseline 0 -19"><span class='ocrx_word' id='word_1_172' title='bbox 333 2690 530 2770; x_wconf 60' lang='grc' dir='ltr'>ε1153555555</span> <span class='ocrx_word' id='word_1_173' title='bbox 552 2708 570 2752; x_wconf 90' lang='grc'>5</span> <span class='ocrx_word' id='word_1_174' title='bbox 592 2693 723 2768; x_wconf 87' lang='lat' dir='ltr'>iuuenis,</span> <span class='ocrx_word' id='word_1_175' title='bbox 748 2709 806 2771; x_wconf 93' lang='lat' dir='ltr'>qno</span> <span class='ocrx_word' id='word_1_176' title='bbox 826 2709 885 2751; x_wconf 93' lang='lat' dir='ltr'>non</span> <span class='ocrx_word' id='word_1_177' title='bbox 903 2692 1057 2768; x_wconf 78' lang='lat' dir='ltr'>agnoverit</span> <span class='ocrx_word' id='word_1_178' title='bbox 1079 2689 1172 2752; x_wconf 85' lang='lat' dir='ltr'>ullum</span> 
     </span>
     <span class='ocr_line' id='line_1_29' title="bbox 269 2775 1002 2851; baseline -0.005 -13"><span class='ocrx_word' id='word_1_179' title='bbox 269 2775 385 2840; x_wconf 84' lang='lat' dir='ltr'>Gertius</span> <span class='ocrx_word' id='word_1_180' title='bbox 408 2775 545 2838; x_wconf 85' lang='lat' dir='ltr'>armifero</span> <span class='ocrx_word' id='word_1_181' title='bbox 566 2775 666 2838; x_wconf 83' lang='lat' dir='ltr'>Cadmi</span> <span class='ocrx_word' id='word_1_182' title='bbox 684 2777 853 2838; x_wconf 89' lang='lat' dir='ltr'>desemine</span> <span class='ocrx_word' id='word_1_183' title='bbox 873 2775 1002 2851; x_wconf 85' lang='lat' dir='ltr'>lllavors,</span> 
     </span>
     <span class='ocr_line' id='line_1_30' title="bbox 268 2859 1173 2942; baseline -0.002 -20"><span class='ocrx_word' id='word_1_184' title='bbox 268 2862 378 2942; x_wconf 89' lang='lat' dir='ltr'>Linque</span> <span class='ocrx_word' id='word_1_185' title='bbox 398 2861 521 2922; x_wconf 86' lang='lat' dir='ltr'>humiles</span> <span class='ocrx_word' id='word_1_186' title='bbox 542 2879 671 2940; x_wconf 79' lang='lat' dir='ltr'>pugnas,</span> <span class='ocrx_word' id='word_1_187' title='bbox 693 2878 753 2922; x_wconf 91' lang='lat' dir='ltr'>non</span> <span class='ocrx_word' id='word_1_188' title='bbox 774 2861 849 2922; x_wconf 88' lang='lat' dir='ltr'>haec</span> <span class='ocrx_word' id='word_1_189' title='bbox 869 2861 922 2920; x_wconf 90' lang='lat' dir='ltr'>tibi</span> <span class='ocrx_word' id='word_1_190' title='bbox 943 2859 1041 2920; x_wconf 88' lang='lat' dir='ltr'>dehita</span> <span class='ocrx_word' id='word_1_191' title='bbox 1063 2859 1173 2920; x_wconf 79' lang='lat' dir='ltr'>virtus:</span> 
     </span>
     <span class='ocr_line' id='line_1_31' title="bbox 269 2945 1308 3025; baseline 0.002 -19"><span class='ocrx_word' id='word_1_192' title='bbox 269 2947 357 3006; x_wconf 84' lang='lat' dir='ltr'>Astra</span> <span class='ocrx_word' id='word_1_193' title='bbox 377 2955 500 3022; x_wconf 84' lang='lat' dir='ltr'>uocant,</span> <span class='ocrx_word' id='word_1_194' title='bbox 522 2945 669 3024; x_wconf 87' lang='lat' dir='ltr'>coeloque</span> <span class='ocrx_word' id='word_1_195' title='bbox 690 2947 824 3022; x_wconf 85' lang='lat' dir='ltr'>animam,</span> <span class='ocrx_word' id='word_1_196' title='bbox 844 2945 911 3025; x_wconf 89' lang='lat' dir='ltr'>plus</span> <span class='ocrx_word' id='word_1_197' title='bbox 929 2945 1065 3024; x_wconf 89' lang='lat' dir='ltr'>eonaipe,</span> <span class='ocrx_word' id='word_1_198' title='bbox 1085 2947 1197 3006; x_wconf 88' lang='lat' dir='ltr'>mittes.</span> <span class='ocrx_word' id='word_1_199' title='bbox 1220 2955 1266 3008; x_wconf 83' lang='grc'>665</span> <span class='ocrx_word' id='word_1_200' title='bbox 1307 3000 1308 3017; x_wconf 66' lang='grc'><strong>,</strong></span> 
     </span>
     <span class='ocr_line' id='line_1_32' title="bbox 268 3022 1308 3108; baseline 0.005 -18"><span class='ocrx_word' id='word_1_201' title='bbox 268 3029 434 3092; x_wconf 86' lang='lat' dir='ltr'>Iamdudum</span> <span class='ocrx_word' id='word_1_202' title='bbox 452 3029 509 3091; x_wconf 91' lang='lat' dir='ltr'>hoc</span> <span class='ocrx_word' id='word_1_203' title='bbox 527 3029 635 3092; x_wconf 88' lang='lat' dir='ltr'>hilares</span> <span class='ocrx_word' id='word_1_204' title='bbox 651 3031 769 3108; x_wconf 73' lang='lat' dir='ltr'>genitor</span> <span class='ocrx_word' id='word_1_205' title='bbox 787 3030 946 3092; x_wconf 88' lang='lat' dir='ltr'>bacchatur</span> <span class='ocrx_word' id='word_1_206' title='bbox 966 3029 1005 3090; x_wconf 89' lang='lat' dir='ltr'>ad</span> <span class='ocrx_word' id='word_1_207' title='bbox 1024 3047 1103 3105; x_wconf 86' lang='lat' dir='ltr'>aras,</span> <span class='ocrx_word' id='word_1_208' title='bbox 1307 3022 1308 3095; x_wconf 77' lang='grc'><strong>1</strong></span> 
     </span>
     <span class='ocr_line' id='line_1_33' title="bbox 268 3108 1308 3194; baseline -0.001 -20"><span class='ocrx_word' id='word_1_209' title='bbox 268 3114 334 3174; x_wconf 87' lang='grc'><strong>1155</strong></span> <span class='ocrx_word' id='word_1_210' title='bbox 354 3116 438 3192; x_wconf 80' lang='lat' dir='ltr'>ignes</span> <span class='ocrx_word' id='word_1_211' title='bbox 459 3113 608 3194; x_wconf 88' lang='lat' dir='ltr'>libraeque</span> <span class='ocrx_word' id='word_1_212' title='bbox 630 3115 747 3191; x_wconf 87' lang='lat' dir='ltr'>volunt,</span> <span class='ocrx_word' id='word_1_213' title='bbox 768 3114 828 3177; x_wconf 90' lang='lat' dir='ltr'>hoc</span> <span class='ocrx_word' id='word_1_214' title='bbox 849 3124 937 3192; x_wconf 73' lang='lat' dir='ltr'>urget</span> <span class='ocrx_word' id='word_1_215' title='bbox 957 3113 1080 3193; x_wconf 71' lang='lat' dir='ltr'>Apollo</span> <span class='ocrx_word' id='word_1_216' title='bbox 1307 3108 1308 3129; x_wconf 65' lang='lat'>¹</span> 
     </span>
     <span class='ocr_line' id='line_1_34' title="bbox 270 3197 1308 3279; baseline 0.004 -21"><span class='ocrx_word' id='word_1_217' title='bbox 270 3197 456 3276; x_wconf 81' lang='lat' dir='ltr'>Terrigenam</span> <span class='ocrx_word' id='word_1_218' title='bbox 476 3208 580 3260; x_wconf 89' lang='lat' dir='ltr'>cuncto</span> <span class='ocrx_word' id='word_1_219' title='bbox 603 3201 715 3278; x_wconf 86' lang='lat' dir='ltr'>patriae</span> <span class='ocrx_word' id='word_1_220' title='bbox 734 3217 789 3279; x_wconf 89' lang='lat' dir='ltr'>pro</span> <span class='ocrx_word' id='word_1_221' title='bbox 809 3201 949 3277; x_wconf 81' lang='lat' dir='ltr'>sanguine</span> <span class='ocrx_word' id='word_1_222' title='bbox 971 3209 1106 3276; x_wconf 84' lang='lat' dir='ltr'>poscunt.</span> <span class='ocrx_word' id='word_1_223' title='bbox 1307 3204 1308 3243; x_wconf 76' lang='lat' dir='ltr'>l</span> 
     </span>
     <span class='ocr_line' id='line_1_35' title="bbox 269 3282 1024 3363; baseline 0.003 -21"><span class='ocrx_word' id='word_1_224' title='bbox 269 3282 357 3342; x_wconf 87' lang='lat' dir='ltr'>Fama</span> <span class='ocrx_word' id='word_1_225' title='bbox 379 3283 455 3342; x_wconf 89' lang='lat' dir='ltr'>canit</span> <span class='ocrx_word' id='word_1_226' title='bbox 474 3285 612 3352; x_wconf 65' lang='lat' dir='ltr'>monitum</span> <span class='ocrx_word' id='word_1_227' title='bbox 631 3285 740 3361; x_wconf 79' lang='lat' dir='ltr'>gaudet</span> <span class='ocrx_word' id='word_1_228' title='bbox 758 3282 897 3347; x_wconf 76' lang='lat' dir='ltr'>Cadmeia</span> <span class='ocrx_word' id='word_1_229' title='bbox 918 3282 1024 3363; x_wconf 86' lang='lat' dir='ltr'>plebes</span> 
     </span>
     <span class='ocr_line' id='line_1_36' title="bbox 269 3365 1308 3451; baseline 0.004 -25"><span class='ocrx_word' id='word_1_230' title='bbox 269 3365 358 3428; x_wconf 81' lang='lat' dir='ltr'>Certa</span> <span class='ocrx_word' id='word_1_231' title='bbox 378 3368 433 3439; x_wconf 85' lang='lat' dir='ltr'>tui;</span> <span class='ocrx_word' id='word_1_232' title='bbox 452 3387 524 3446; x_wconf 88' lang='lat' dir='ltr'>rape</span> <span class='ocrx_word' id='word_1_233' title='bbox 545 3378 641 3429; x_wconf 88' lang='lat' dir='ltr'>mente</span> <span class='ocrx_word' id='word_1_234' title='bbox 661 3369 752 3445; x_wconf 90' lang='lat' dir='ltr'>deos,</span> <span class='ocrx_word' id='word_1_235' title='bbox 775 3387 847 3448; x_wconf 81' lang='lat' dir='ltr'>rape</span> <span class='ocrx_word' id='word_1_236' title='bbox 868 3368 970 3430; x_wconf 84' lang='lat' dir='ltr'>nobile</span> <span class='ocrx_word' id='word_1_237' title='bbox 993 3368 1093 3430; x_wconf 84' lang='lat' dir='ltr'>latum.</span> <span class='ocrx_word' id='word_1_238' title='bbox 1120 3431 1123 3437; x_wconf 79' lang='grc'><strong>,</strong></span> <span class='ocrx_word' id='word_1_239' title='bbox 1219 3376 1267 3433; x_wconf 83' lang='grc'>675</span> <span class='ocrx_word' id='word_1_240' title='bbox 1307 3446 1308 3451; x_wconf 12' lang='lat'>¹</span> 
     </span>
     <span class='ocr_line' id='line_1_37' title="bbox 267 3450 1175 3533; baseline 0.003 -22"><span class='ocrx_word' id='word_1_241' title='bbox 267 3450 297 3528; x_wconf 85' lang='lat' dir='ltr'>l,</span> <span class='ocrx_word' id='word_1_242' title='bbox 322 3469 445 3531; x_wconf 88' lang='lat' dir='ltr'>precor,</span> <span class='ocrx_word' id='word_1_243' title='bbox 468 3452 619 3528; x_wconf 86' lang='lat' dir='ltr'>accelera,</span> <span class='ocrx_word' id='word_1_244' title='bbox 642 3471 679 3514; x_wconf 89' lang='lat' dir='ltr'>ne</span> <span class='ocrx_word' id='word_1_245' title='bbox 700 3455 850 3533; x_wconf 80' lang='lat' dir='ltr'>proximus</span> <span class='ocrx_word' id='word_1_246' title='bbox 872 3453 1175 3532; x_wconf 80' lang='lat' dir='ltr'>occupet‘Haemon.’</span> 
     </span>
     <span class='ocr_line' id='line_1_38' title="bbox 331 3537 1081 3616; baseline 0.003 -20"><span class='ocrx_word' id='word_1_247' title='bbox 331 3537 381 3596; x_wconf 91' lang='lat' dir='ltr'>Sic</span> <span class='ocrx_word' id='word_1_248' title='bbox 402 3539 457 3612; x_wconf 89' lang='lat' dir='ltr'>ait,</span> <span class='ocrx_word' id='word_1_249' title='bbox 477 3546 506 3596; x_wconf 85' lang='lat' dir='ltr'>et</span> <span class='ocrx_word' id='word_1_250' title='bbox 525 3555 629 3614; x_wconf 77' lang='lat' dir='ltr'>magna</span> <span class='ocrx_word' id='word_1_251' title='bbox 648 3540 810 3599; x_wconf 87' lang='lat' dir='ltr'>cunctantis</span> <span class='ocrx_word' id='word_1_252' title='bbox 831 3549 955 3616; x_wconf 86' lang='lat' dir='ltr'>pectora</span> <span class='ocrx_word' id='word_1_253' title='bbox 978 3538 1081 3601; x_wconf 80' lang='lat' dir='ltr'>dextra</span> 
     </span>
     <span class='ocr_line' id='line_1_39' title="bbox 265 3619 983 3704; baseline 0.003 -24"><span class='ocrx_word' id='word_1_254' title='bbox 265 3619 418 3681; x_wconf 87' lang='lat' dir='ltr'>Permulsit</span> <span class='ocrx_word' id='word_1_255' title='bbox 437 3622 525 3682; x_wconf 86' lang='lat' dir='ltr'>tacite</span> <span class='ocrx_word' id='word_1_256' title='bbox 546 3639 673 3700; x_wconf 87' lang='lat' dir='ltr'>seseque</span> <span class='ocrx_word' id='word_1_257' title='bbox 692 3624 725 3685; x_wconf 87' lang='lat' dir='ltr'>iu</span> <span class='ocrx_word' id='word_1_258' title='bbox 745 3621 836 3684; x_wconf 87' lang='lat' dir='ltr'>corde</span> <span class='ocrx_word' id='word_1_259' title='bbox 854 3624 983 3704; x_wconf 86' lang='lat' dir='ltr'>reliquit.</span> 
     </span>
    </p>
   </div>
   <div class='ocr_carea' id='block_1_3' title="bbox 0 0 1435 4300">
    <p class='ocr_par' dir='ltr' id='par_1_3' title="bbox 0 0 1435 4300">
     <span class='ocr_line' id='line_1_40' title="bbox 0 0 1435 4300; baseline 0 0"><span class='ocrx_word' id='word_1_260' title='bbox 0 0 1435 4300; x_wconf 95' lang='lat' dir='ltr'> </span> 
     </span>
    </p>
   </div>
  </div>
 </body>
</html>
