2842 4300
462 361 465 374 ¹
515 323 693 428 smvnnnin
713 376 811 427 ων.

153 529 182 592 N
186 547 226 592 on
247 545 344 591 sermo
366 529 500 610 Poenus,
522 547 581 593 non
601 530 717 594 habitus
739 531 804 608 tibi,

155 613 288 676 Externa
308 629 366 675 non
385 633 484 693 mens,
503 615 610 693 Italus,
629 616 731 678 Italus.

199 699 273 759 Sunt
290 698 363 760 urbe
386 699 583 780 Romanisque
604 703 717 774 turmis,

81 853 82 858 γ
173 787 177 802 “
243 782 299 857 Qui
319 782 439 861 Libyam
457 785 582 846 debeant
601 782 730 845 alumni?

155 906 211 968 Est
233 917 264 969 et
285 909 420 970 frementi
439 926 500 970 vox
519 907 620 971 hilaris
639 907 718 986 loro,

154 991 271 1054 Venale
294 993 347 1054 sed
367 1010 425 1054 non
444 993 593 1076 eloquium
614 993 683 1063 tibi;

197 1075 346 1156 Ensisque
365 1079 470 1156 vagina
491 1079 628 1156 quiescit,
745 1128 748 1138 .

243 1161 394 1240 stringere
415 1163 444 1222 ni
462 1161 580 1223 iubeant
600 1161 694 1223 amici.

94 1331 99 1338 -
158 1287 220 1348 Sed
243 1305 310 1348 rura
331 1287 412 1348 cordi
434 1288 554 1368 saepius
576 1295 606 1348 et
624 1287 719 1366 quies,

156 1370 242 1432 Nune
263 1373 292 1431 in
314 1371 443 1452 paternis
465 1372 586 1432 sedibus
608 1381 638 1432 et
658 1371 727 1432 solo

79 1480 80 1484 ¹
198 1455 343 1533 Veiente,
366 1473 442 1516 nuno
463 1455 604 1517 frondosa
626 1471 715 1535 supra

240 1539 384 1618 lleruiea,
406 1557 482 1602 nuno
504 1538 630 1602 Curibus
649 1539 786 1625 vetustis.

78 1681 80 1696 ’
154 1665 209 1726 llio
230 1665 314 1745 plura
333 1682 427 1744 pones
442 1665 566 1746 vooibus
586 1674 615 1726 et
631 1665 727 1725 modis

154 1748 248 1810 Passn
271 1748 392 1827 solutis,
415 1750 467 1811 sed
490 1766 602 1810 memor
622 1749 737 1810 interim

196 1832 300 1915 Nostri
318 1833 487 1896 verecundo
508 1835 648 1896 latentem

240 1917 378 1978 Barbiton
398 1918 559 1996 ingeminas
580 1917 635 1978 sub
658 1925 751 1976 antro.
1127 1923 1163 1978 bo

76 2152 78 2169 ε
166 2067 472 2147 svnnxneuuns
499 2092 782 2175 nannnneemos
806 2090 916 2145 noun
937 2090 1118 2147 vnume1e.

76 2271 80 2294 ὴ
218 2211 310 2273 Forte
331 2211 525 2272 remittentem
546 2228 632 2273 ouras
654 2210 835 2290 Phoeboque
857 2211 985 2271 levatum

155 2296 298 2373 Pectora,
321 2312 407 2377 quum
429 2296 535 2375 patulis
556 2306 684 2356 tererem
705 2309 799 2372 vagos
822 2294 880 2356 otia
899 2297 993 2374 septis

77 2384 80 2457 l
154 2379 214 2441 lam
236 2382 378 2440 moriente
401 2379 467 2456 (lie,
488 2383 584 2461 rapuit
603 2398 650 2440 me
673 2396 768 2439 coena
788 2378 908 2458 benigni

77 2496 78 2505 κ
155 2463 296 2525 Vindicis.
335 2462 418 2523 Haeo
437 2464 510 2524 imos
533 2466 617 2525 animi
639 2464 779 2543 perlapsa
797 2478 937 2524 reoessns

155 2546 361 2627 lnoonsnmpta
382 2556 489 2609 manet.
526 2547 631 2628 Neque
653 2550 729 2607 enim
751 2546 874 2608 ludibria
895 2546 1006 2606 uentris
1142 2556 1160 2609 5

75 2664 79 2695 t
109 2692 113 2699 ,
155 2631 308 2693 Haesimus
329 2639 377 2691 aut
398 2632 501 2713 epulas
522 2632 640 2693 diverso
664 2650 681 2691 e
701 2630 769 2692 sole
790 2632 898 2709 petitas

154 2716 288 2797 Vinaque
309 2716 462 2794 perpetuis
481 2730 556 2776 aero
575 2717 715 2775 certantia
733 2714 827 2775 lastis,

153 2800 203 2861 Ab
225 2798 339 2859 miseri!
366 2816 441 2879 qnos
460 2816 550 2859 nosse
572 2800 664 2875 iuvat,
685 2798 755 2879 quid
776 2796 908 2859 Phasidis
928 2797 994 2858 ales

75 2955 77 2964 Ι
153 2884 251 2945 Distet
269 2882 305 2943 ab
326 2881 447 2943 hiberna
469 2876 630 2961 Rhodopes
652 2900 743 2961 grue,
767 2884 832 2960 quis
854 2883 948 2960 magis
966 2898 1053 2943 anser

75 2967 78 2978 ¹
153 2967 230 3030 Exta
252 2968 344 3044 ierat,
369 2984 421 3028 eur
443 2967 554 3028 Tusons
576 2982 648 3047 aper
666 2967 842 3043 generosior
862 2965 986 3043 Umbro,
1126 2976 1160 3029 10

75 3089 76 3096 κ
153 3050 280 3112 Lubrica
302 3051 522 3134 quapreoubent
543 3050 697 3126 oonohylia
718 3043 836 3111 mollins
857 3050 934 3128 alga.

153 3133 249 3195 Nobis
270 3152 360 3197 verus
381 3149 462 3196 amor
481 3135 636 3213 medioque
657 3132 802 3195 llelioone
822 3135 932 3215 petitus

154 3220 259 3280 Sermo
281 3219 449 3297 hilaresque
471 3220 530 3279 ioci
550 3216 708 3279 brumalem
726 3216 881 3278 absumere
901 3227 1018 3279 noctem
1126 3248 1129 3252 ·

154 3304 316 3363 Suaserant
336 3302 513 3383 mollemque
535 3302 629 3363 oeulis
648 3301 802 3403 expellere
824 3318 965 3379 somnum,

154 3386 260 3449 Doneo
279 3386 315 3447 ab
334 3386 443 3463 Elysiis
463 3388 617 3469 prospexit
638 3386 758 3447 sedrbus
780 3383 855 3446 alter
1123 3397 1158 3449 15

155 3468 262 3532 Castor
284 3479 318 3553 et
337 3470 490 3531 hesternas
510 3473 574 3532 risit
595 3470 729 3532 Tithonia
749 3486 874 3530 mensas.
1061 3547 1064 3552 ξ

217 3553 243 3613 0
265 3554 343 3615 bona
364 3554 438 3615 noxi
460 3557 614 3635 lunataque
635 3556 743 3616 utinam
765 3554 914 3630 Tirynthia
932 3552 1016 3614 luna!

151 3636 219 3699 Nox
242 3648 272 3699 et
296 3636 479 3715 Erythraeae
501 3639 631 3701 Thetidis
652 3639 794 3719 signanda
814 3638 924 3719 lapillis
