2842 4300
217 318 277 385 188
542 331 871 381 neumnensium
966 329 969 333 ·

101 506 102 511 ¹
214 491 341 553 Audisse
362 506 576 567 accensumque
597 496 697 567 putes:
720 487 779 549 hoc
798 487 918 549 fulmine
936 496 1049 566 raptum

216 575 345 636 Abstulit
366 584 396 633 et
416 574 525 634 similes
546 574 638 633 minus
658 574 822 651 indignatur
842 572 981 633 habenas.

280 660 405 721 Semifer
425 660 505 720 aeria
525 658 592 719 talis
616 656 777 719 Centaurus
798 656 836 717 ab
858 656 934 719 Ossa
1073 647 1076 653 ¹
1167 669 1225 723 22⁰
1320 679 1321 690 ¹

215 744 322 806 Desilit
342 746 370 803 in
392 744 501 821 valles,
523 745 617 821 ipsum
638 760 758 805 nemora
779 742 837 803 alta
854 744 1035 816 tremiscunt,

217 828 341 909 Campus
362 847 476 907 equum.
517 828 635 907 'drepidi
657 847 744 889 cursu
763 827 962 904 glomerantur
982 827 1089 888 anhelo

215 913 414 989 Labdacidae,
436 915 540 992 premit
561 914 612 973 ille
635 932 741 993 super,
763 914 987 991 necopinaque
1009 912 1090 972 ierro

218 998 303 1060 Colla
322 1007 435 1058 metens
457 998 559 1077 linquit
579 1007 698 1059 truncos
719 1006 788 1076 post
809 1006 892 1074 terge
915 998 1064 1057 cadentes.

280 1083 405 1143 Ventum
424 1092 487 1143 erat
508 1082 544 1144 ad
566 1082 696 1153 fluvium
720 1083 808 1143 solito
823 1091 892 1141 tunc
907 1082 1022 1161 plenior
1037 1081 1135 1158 alveo,
1166 1092 1224 1147 225

218 1171 307 1247 Signa
326 1167 409 1243 mali,
432 1186 534 1245 magua
555 1186 589 1227 se
609 1168 686 1227 mole
708 1167 841 1228 Ismenos
861 1166 979 1243 agebat.

216 1254 272 1315 llla
292 1251 392 1312 brevis
412 1254 548 1331 requies,
576 1252 627 1313 illo
649 1252 747 1313 timida
770 1253 883 1329 agmina
906 1252 1012 1314 lassam
1124 1289 1133 1299 ·

217 1338 263 1399 De
285 1337 394 1416 campis
415 1354 508 1413 egere
528 1337 639 1415 lugam;
662 1346 761 1416 stupet
781 1336 898 1415 hospita
918 1336 991 1397 belli
1078 1360 1089 1379 ·

218 1422 300 1483 Unda
321 1422 560 1501 virosclaraqne
582 1439 727 1482 armorum
745 1422 907 1481 incenditur
927 1422 1040 1486 antra

218 1507 361 1567 insiluere
383 1505 483 1583 vadis,
505 1524 669 1585 magnoque
691 1506 811 1583 fragore
832 1506 947 1566 solutus
1168 1516 1227 1571 230

217 1592 322 1669 Agger
341 1600 371 1651 et
391 1590 534 1652 adversae
555 1590 699 1651 latuerunt
720 1590 842 1669 pulvere
864 1592 956 1669 ripae.

217 1676 273 1737 Ille
297 1693 413 1754 quoque
434 1675 558 1737 hostiles
580 1676 656 1736 saltu
677 1677 788 1735 maiore
812 1693 868 1754 per
888 1674 980 1736 undas

218 1760 307 1824 inruit
328 1762 455 1833 attonitis
476 1796 518 1805 —
539 1760 658 1837 longum
679 1760 823 1821 dimittere
846 1759 991 1836 habenas,
1012 1792 1055 1806 -

220 1847 301 1907 Sicut
322 1855 401 1922 erat,
422 1854 530 1907 tantum
548 1846 632 1907 viridi
655 1844 751 1907 delixa
772 1862 930 1924 parumper

221 1928 360 2010 Cespite,
383 1930 512 2010 populeo
531 1930 715 1991 commendat
734 1930 847 2009 spicula
866 1939 980 1989 trunco.
1168 1937 1227 1993 235

220 2015 302 2077 Tunc
322 2032 394 2075 vero
418 2016 566 2077 exanimes
586 2015 701 2076 tradunt
720 2014 899 2093 rapientibus
921 2014 998 2075 ultro

220 2100 309 2162 Arma
330 2099 428 2162 vadis:
453 2099 502 2160 siii
524 2100 641 2162 dimissa
663 2100 796 2176 casside,
819 2108 954 2178 quantum

221 2185 356 2248 Tendere
378 2194 499 2246 conatus
519 2187 631 2246 animae
652 2185 773 2246 valuere
793 2185 846 2244 sub
868 2185 961 2259 undis,

222 2270 320 2349 Turpe
342 2270 455 2338 latent;.
468 2269 548 2330 multi
569 2270 684 2332 fluvium
706 2271 901 2330 transmittere
922 2270 1018 2330 nando

222 2354 383 2432 Aggressi,
406 2354 458 2414 sed
479 2354 576 2414 vincla
596 2363 712 2430 teuent,
735 2355 877 2432 laterique
899 2363 1045 2432 repugnat
1170 2363 1227 2417 240

156 2473 181 2496 .<
222 2439 357 2514 Balteus,
380 2447 409 2498 et
429 2437 559 2498 madidus
582 2437 698 2500 deducit
720 2449 841 2517 pectora
864 2439 978 2498 thorax.

224 2522 324 2597 Qualis
346 2521 491 2583 caeruleis
512 2523 618 2584 tumido
644 2522 698 2582 sub
719 2525 837 2600 gurgite
858 2533 954 2584 terror

222 2607 370 2682 Piscibus,
394 2607 491 2668 arcani
514 2609 648 2686 quotiens
669 2606 783 2668 devexa
805 2607 941 2686 prolundi

223 2695 404 2752 Scrutantem
426 2692 562 2771 delphina
582 2693 696 2760 vident;
725 2692 798 2770 iugit
819 2693 912 2752 omnis
933 2693 963 2750 in
984 2693 1058 2752 imos

223 2776 327 2839 Turba.
340 2778 437 2853 lacus,
465 2777 632 2856 viridesque
653 2786 731 2838 metu
752 2778 895 2856 stipantur
915 2778 945 2836 iu
964 2777 1060 2853 algas,
1172 2788 1228 2842 245

222 2861 286 2922 Nec
309 2863 389 2942 prius
411 2861 534 2938 emersi,
556 2879 641 2941 quam
662 2879 770 2922 summa
791 2881 846 2940 per
864 2878 994 2941 aequora
1016 2863 1112 2923 flexus

223 2945 353 3023 Emicet,
379 2955 409 3006 et
428 2947 500 3006 visis
521 2945 601 3006 malit
622 2956 736 3006 certare
755 2947 871 3007 carinis.

225 3029 303 3092 Talis
323 3033 383 3108 agit
405 3047 542 3109 sparsos,
564 3030 725 3109 mediisque
745 3033 775 3091 in
796 3031 931 3094 ductibus
951 3031 1042 3093 heros

223 3115 318 3176 Frena
338 3133 423 3175 manu
443 3116 569 3193 pariter,
592 3116 702 3194 pariter
724 3117 802 3193 regit
822 3135 901 3178 arma
921 3118 1086 3197 pedumque

224 3200 357 3277 Remigio
378 3208 518 3260 sustentat
542 3218 664 3278 equum,
685 3211 886 3281 consuetaque
907 3220 1020 3281 eampo.
1171 3212 1226 3264 hott

223 3285 374 3360 Fluctuat,
398 3293 428 3343 et
449 3302 560 3346 mersas
582 3284 657 3346 levis
677 3287 786 3363 ungula
808 3289 922 3365 quaerit
942 3305 1056 3348 arenas.

224 3371 333 3430 Sternit
347 3368 417 3430 lona
428 3367 576 3446 Chromis,
593 3367 732 3430 Chromin
742 3370 903 3450 Antiphos,
916 3372 1065 3451 Antiphon
1075 3369 1225 3450 llypseus,

224 3453 360 3533 Hypseus
382 3453 534 3530 Astyagen
556 3471 770 3536 evasurumque
792 3456 896 3515 relicto

224 3538 318 3600 Amne
339 3537 455 3614 Linum,
474 3540 503 3598 ui
522 3537 583 3600 iata
603 3549 719 3614 vetent,
741 3548 772 3598 et
793 3539 913 3600 stamine
935 3539 1029 3618 primo

225 3620 360 3682 Ablatum
382 3622 488 3684 tellure
512 3625 599 3694 mcri;
629 3625 734 3704 premit
755 3623 868 3698 agmina
891 3623 1008 3684 Thebes
1050 3623 1054 3628 '
1172 3635 1227 3689 255
