2842 4300
523 367 765 418 acurnnnrnos
786 369 820 418 n.
842 370 867 418 1.
1140 357 1198 422 125

74 532 75 535 ’
193 527 276 586 Ausa
299 522 373 585 seni.
417 525 498 586 Tunc
519 525 571 586 ille
588 525 696 585 refert:
719 524 819 602 tune,
842 523 966 604 optima,
990 540 1113 604 quaeso,

74 629 75 634 ¹
192 611 259 670 Duc
277 608 415 686 genetrix
436 609 595 688 humilique
613 610 687 671 deos
709 609 835 686 infringe
856 617 996 687 precato„

193 693 272 755 Nam.
286 704 425 773 superant
445 704 494 756 tua
513 703 583 754 rota
604 694 735 770 moduni,
759 694 963 774 placandaque
981 695 1098 755 multuo
1148 709 1197 762 145

189 779 305 860 ¹Invidia
325 787 379 838 est.
421 778 487 840 Non
507 779 582 840 adde
604 787 727 855 metum,
750 779 805 838 sed
825 795 897 838 vera
917 777 1047 838 fatebor:
1125 804 1129 809 ·

191 862 322 940 Nescio,
345 863 414 941 quid
435 881 569 942 magnum
588 897 629 910 --
654 881 710 923 nee
735 880 782 922 me
803 863 895 941 patria
915 862 1019 922 omina·
1033 863 1135 925 iallunt
1157 901 1200 912 -

192 948 247 1006 Vis
267 947 373 1008 festina
392 958 476 1026 parat
495 957 674 1025 tenerosque
696 948 865 1026 supervenit
887 963 989 1006 annos.

154 1058 158 1064 ¹
196 1031 272 1092 Olim
295 1041 325 1092 et
346 1032 426 1095 ferre
448 1034 539 1093 minas
563 1041 592 1092 et
615 1031 698 1092 obire
718 1032 814 1092 audita
835 1030 954 1091 solebat
1091 1029 1095 1036 ’

193 1115 320 1196 Imperia
344 1125 373 1176 et
395 1117 502 1176 nostris
524 1116 629 1196 procul
649 1115 726 1176 haud
744 1114 900 1176 discedere
922 1113 958 1174 ab
981 1118 1081 1178 antris.
1147 1132 1199 1183 150

74 1199 75 1203 ’
193 1200 279 1261 Nunc
299 1201 380 1261 illum
402 1219 460 1262 uon
482 1200 558 1262 Ossa
579 1201 672 1279 capit,
695 1217 754 1260 non
774 1199 877 1259 Pelion
895 1201 999 1275 ingens

196 1286 408 1364 Thessaliaeve
430 1287 523 1347 nives.
564 1283 626 1364 ipsi
643 1285 713 1344 mihi
732 1301 825 1364 saepe
846 1291 1005 1363 queruntur

197 1367 335 1430 Centauri
354 1379 512 1449 raptasque
532 1370 635 1431 domos
655 1369 861 1448 abstractaque
880 1385 980 1428 noram

74 1499 75 1508 1
195 1454 337 1514 Armenta
360 1464 390 1514 et
411 1455 520 1535 campis
543 1463 637 1514 semet
658 1453 812 1530 illuviisque
834 1453 939 1530 iugari.

74 1583 75 1616 3
106 1615 108 1622 y
194 1537 366 1607 insidiaset
383 1538 464 1600 bella
484 1548 587 1619 parant
607 1539 767 1616 tumidique
787 1537 939 1597 minantur.
1148 1552 1198 1603 155

197 1622 272 1682 Olim
296 1623 432 1702 equidem
452 1623 589 1700 Argoos,
610 1624 694 1702 pinus
714 1640 801 1700 quurn
820 1620 962 1681 Thessala
983 1638 1071 1699 reges

196 1706 260 1770 Hac
277 1707 416 1783 veheret,
440 1710 575 1768 iuvenem
595 1707 722 1769 Alciden
734 1715 775 1766 tet
795 1705 911 1766 Thesea
929 1705 1004 1772 vidi;

198 1791 258 1852 Sed
280 1796 391 1852 taceo!
414 1825 456 1838 —-
475 1791 551 1869 Fiqit
571 1791 688 1869 gelidus
709 1789 838 1850 Nereida
858 1789 964 1869 pallor.

260 1874 316 1936 llle
334 1876 438 1938 aderat
458 1877 548 1936 multo
570 1877 679 1936 sudore
701 1884 732 1934 et
751 1875 875 1954 pulvere
891 1874 993 1937 maior.

198 1961 336 2022 Attamen
356 1979 435 2022 arma
456 1961 533 2020 inter
554 1960 767 2037 festinatosque
789 1958 921 2032 labores,
1063 1955 1066 1961 ’
1152 1969 1202 2021 160

197 2044 301 2104 Dulcis
321 2044 415 2117 adhuc
434 2045 515 2130 uisu,
538 2046 625 2104 nive'o
647 2048 728 2103 natat
746 2043 822 2120 ignis
839 2043 868 2101 in
891 2059 944 2100 ore

177 2129 383 2208 Purpureus,
406 2128 546 2207 fulvoque
567 2130 640 2189 nitet
661 2145 745 2189 coma
766 2127 879 2204 gratior
900 2142 982 2185 auro.
1103 2186 1106 2195 ,

199 2213 332 2276 Necdum
355 2215 444 2293 prima
466 2230 543 2273 nova
562 2214 698 2290 lanugine
717 2213 840 2271 vertitur
861 2218 954 2283 aetas,
1044 2258 1048 2263 f
1085 2231 1090 2240 ν

203 2298 449 2377 Tranquillaeque
470 2298 553 2359 faces
574 2296 667 2358 oeulis
691 2305 721 2355 et
740 2296 862 2374 plurima
878 2293 958 2353 vultu

200 2382 295 2443 Mater
315 2384 405 2451 inest;
429 2382 523 2460 qualis
541 2382 628 2458 laycis
651 2389 773 2440 venator
793 2378 905 2457 Apollo
1021 2412 1027 2435 1
1153 2387 1202 2439 165

202 2466 296 2541 Quum
314 2465 390 2527 redit
412 2474 442 2525 et
464 2468 561 2527 saevis
582 2472 728 2547 permutat
749 2464 862 2543 plectra
883 2461 1040 2541 pharetris.

199 2550 291 2615 Forte
310 2560 344 2611 et
364 2550 460 2611 laetus
480 2550 581 2626 adest,
602 2567 682 2609 -o
705 2558 840 2627 quantum
860 2546 965 2623 gaudia
984 2544 1097 2607 tornae

200 2634 364 2699 Adiioiunt!
387 2634 497 2704 foetam
519 2634 648 2695 Pholoes
670 2633 723 2693 sub
743 2651 817 2710 rupe
838 2632 970 2691 leaenam

201 2719 374 2779 Pereulerat
394 2719 474 2779 ferro
495 2720 657 2796 vacuisque
678 2718 839 2794 reliquerat
860 2714 950 2774 antris

203 2804 314 2882 Ipsam,
337 2804 391 2863 sed
413 2803 525 2865 catulos
544 2811 682 2881 apportat
700 2810 730 2861 et
748 2801 847 2859 incitat
862 2815 985 2875 ungues.
1155 2808 1208 2861 170

204 2887 287 2961 Quos
309 2898 421 2963 tamen,
443 2896 474 2947 ut
491 2887 550 2949 fido
573 2886 709 2963 genetrix
729 2884 759 2943 in
781 2885 878 2944 limine
895 2884 958 2957 visa
976 2891 1033 2958 est,
1076 2896 1084 2907 ’

202 2971 302 3033 Ahieit
324 2980 537 3051 exceptamque
561 2970 652 3031 aridis
671 2968 853 3046 circumligat
871 2968 959 3043 ulnis,

204 3056 265 3117 lam
286 3057 385 3134 gravis
408 3056 545 3135 amplexu
564 3057 679 3134 iamque
701 3072 812 3133 aequus
833 3053 948 3113 vertice
969 3052 1063 3110 matri.

268 3139 434 3218 Insequitur
453 3158 558 3217 magno
578 3141 634 3199 iam
655 3156 731 3199 nunc
753 3153 904 3199 connexus
924 3152 1024 3195 amore

204 3224 359 3285 Patroclus
380 3226 525 3303 tantisque
546 3224 714 3287 extenditur
732 3222 862 3283 aemulus
883 3220 968 3295 actis,
1159 3229 1208 3284 171,

205 3308 262 3367 Par
284 3310 386 3368 studiis
408 3310 534 3387 aevique
554 3310 665 3383 modis,
690 3308 744 3368 sed
763 3304 873 3366 robore
893 3304 993 3382 longe,

205 3388 245 3455 Et
264 3402 361 3463 tamen
382 3392 498 3472 aequali
519 3394 635 3453 risurus
657 3392 798 3469 Pergama
819 3391 890 3451 lato.

270 3477 405 3539 Protinus
427 3477 478 3537 ille
501 3477 718 3555 suhitrapido,
739 3492 816 3555 quae
838 3473 987 3553 proxima,
1009 3474 1084 3535 saltu

207 3561 340 3625 Flumina
362 3563 564 3641 fumantesque
586 3578 677 3639 genas
701 3562 869 3638 crinemque
889 3562 1015 3619 novavit·
1070 3589 1079 3601 -

120 3670 124 3674 ·
208 3646 366 3728 Fontibus,
388 3646 519 3709 Eurotae
538 3646 632 3727 qualis
651 3645 726 3708 rada
745 3642 854 3707 (laetor
871 3644 978 3706 anhele
1161 3651 1214 3707 180
