2842 4300
240 314 302 376 218
578 328 610 376 e.
628 327 763 377 pertun
782 326 901 377 aunan

239 482 306 545 Non
326 482 435 545 audere
457 483 551 545 iubet:
572 485 669 545 matri
689 483 795 545 liducia
815 493 934 565 coepto.

240 568 359 629 Distulit
380 570 422 628 ira
444 587 567 648 preces;
589 570 672 648 ponit
692 569 862 629 miserabile
882 586 991 648 corpus

240 653 318 713 Ante
339 653 447 731 pedes,
469 662 614 732 tergoque
635 671 760 731 graves,
783 672 857 733 qnae
875 654 954 714 lcrte
973 652 1099 730 gerebat
1198 664 1256 719 lto

242 736 368 815 Tigridis
391 739 527 815 exuvias,
550 740 579 797 in
598 738 714 799 laevum
732 748 851 817 torquet
872 748 903 799 et
922 738 1020 798 obstat

241 821 382 883 Exortum
404 821 555 885 obiectans
574 840 756 899 mueronem,
778 825 867 901 inque
886 824 983 883 omnia
1003 823 1064 883 tela

240 906 353 967 Versus
373 916 403 968 et
424 908 460 968 ad
482 908 603 968 caedem
625 909 704 967 iuxta
725 917 908 986 mortemque
928 916 1064 986 paratus:

240 991 280 1053 Ut
300 992 363 1068 lea,
386 1010 471 1071 quarn
492 1010 583 1054 saevo
604 993 713 1053 foetam
734 1010 875 1071 pressere
897 992 986 1053 cubili

241 1077 391 1138 venantes
410 1076 567 1154 Numidae,
590 1086 675 1137 natos
697 1086 798 1138 erecta
819 1085 967 1156 superstat

239 1160 338 1222 Mente
360 1161 413 1222 snb
434 1164 564 1239 incerta,
584 1171 698 1223 torvum
717 1180 754 1222 ac
770 1161 940 1221 miserabile
957 1158 1110 1222 lrendena.

240 1246 294 1309 llla
313 1246 429 1328 quidem
449 1246 566 1307 curbare
587 1245 695 1325 globos
718 1256 749 1307 et
767 1246 906 1323 frangere
924 1264 1023 1306 morsu

242 1329 315 1393 Tela
336 1340 439 1409 queat,
462 1332 516 1392 sed
537 1332 629 1410 prolis
649 1347 731 1391 arnor
751 1331 882 1392 crudelia
901 1332 993 1391 vincit

242 1415 368 1476 Pectora
390 1424 419 1475 et
438 1434 457 1477 a
476 1416 570 1477 media
590 1415 703 1477 catulos
724 1417 921 1495 circumspicit
941 1416 994 1475 ira,

243 1498 357 1561 Etiam
378 1499 462 1561 laeve
482 1502 564 1578 viro,
588 1501 719 1579 quamvis
740 1502 857 1561 saevire
876 1508 992 1561 vetaret

242 1584 404 1663 Amphion,
428 1592 530 1663 erepta
550 1603 668 1662 manus,
694 1586 837 1664 puerique
858 1584 1008 1646 trahantur

244 1666 303 1729 Ora
325 1670 427 1748 supina
446 1671 553 1740 comis;
576 1688 661 1729 serus
682 1678 751 1729 tunc
772 1668 897 1749 denique
919 1667 1045 1748 supplex

242 1752 378 1815 Demisso
400 1770 538 1814 mucrone
559 1763 660 1832 rogat:
689 1752 903 1831 tldoderatiua,
925 1770 991 1828 oro,

242 1836 367 1915 Ducite,
389 1838 518 1899 fulminei
539 1856 595 1919 per
612 1856 668 1899 ros
691 1838 834 1899 cunabula
853 1838 963 1898 Bacchi

243 1922 401 2001 Inoamque
419 1923 517 2001 fugam
536 1924 686 2003 vestrique
705 1922 886 1983 Palaemonis
906 1939 1008 1983 annos.

243 2008 276 2067 si
299 2009 344 2067 cui
363 2008 439 2068 forte
460 2008 537 2069 domi
559 2017 691 2069 naturum
708 2007 831 2085 gaudia,
852 2009 878 2067 si
901 2008 967 2086 qnia

242 2091 297 2153 llic
316 2102 415 2172 pater,
438 2094 553 2172 angusti
574 2110 667 2174 puero
690 2092 758 2154 date
779 2091 909 2172 pulveris
930 2090 1050 2153 henetae

243 2177 443 2257 Exiguamqne
463 2179 574 2248 lacem;
597 2187 700 2256 rogat,
723 2196 762 2238 en
781 2187 869 2254 rogat
888 2177 954 2255 ipse
975 2177 1098 2237 iacentis

242 2262 362 2323 Vultus:
391 2279 447 2340 ego
469 2263 601 2324 infandas
621 2265 720 2342 potior
737 2263 846 2322 satiare
864 2261 1014 2337 volucres,

242 2345 291 2407 lile
313 2347 456 2425 praebete
475 2347 562 2424 ieris,
586 2365 644 2425 ego
664 2347 743 2408 bella
766 2347 877 2408 audere
898 2348 1008 2424 coegi?

307 2431 425 2507 ‘lmmo,
448 2433 487 2491 ait
507 2431 669 2510 Amphion,
691 2449 796 2510 regem
814 2434 840 2492 si
858 2440 937 2492 tanta
959 2429 1065 2508 cupido

245 2515 397 2593 Condere,
420 2533 495 2595 quae
515 2517 620 2577 timidis
642 2515 714 2577 belli
735 2535 835 2594 mens,
858 2516 930 2592 ede,
953 2514 1098 2592 Pelasgis,

244 2601 319 2676 Quid
340 2601 425 2662 fracti
445 2619 653 2680 exanguesque
672 2611 791 2680 parent,
818 2610 924 2664 cuncta
945 2601 1029 2660 ocius
1049 2600 1135 2675 eller,

242 2685 280 2747 Et
298 2687 357 2748 vita
376 2686 545 2766 tumuloque
564 2686 647 2747 ducis
667 2687 791 2747 donatura
809 2685 913 2746 abito?

242 2770 375 2848 Horruit,
399 2781 428 2832 et
447 2781 509 2831 toto
531 2771 704 2851 praecordia
725 2772 858 2850 protinus
877 2769 973 2830 Arcen

241 2855 367 2935 Inplevit
388 2855 504 2935 capulo.
545 2856 745 2916 ‘summumne
767 2855 825 2915 lroe
843 2853 990 2930 cladibus,
1013 2854 1116 2932 inquit,

241 2939 367 3016 Deerat,
387 2949 418 3000 ut
440 2939 566 3000 afflictos
585 2949 732 3020 turparem
750 2956 809 3017 ego
832 2940 965 3018 proditor
983 2935 1107 3016 Argos?

241 3023 290 3085 llil
310 3027 428 3084 emimus
448 3024 537 3101 tanti,
559 3042 615 3084 nec
633 3027 677 3085 sio
698 3024 771 3084 velit
792 3025 858 3103 ipse
879 3025 1027 3084 cremari!

307 3110 357 3169 Sic
378 3110 434 3184 ait,
458 3117 488 3168 et
506 3126 610 3187 rnagnc
632 3111 811 3188 proscissum
831 3108 954 3168 uulnere
973 3117 1080 3186 peetus

241 3192 345 3253 lnieoit
365 3209 459 3271 puero
480 3211 674 3272 supremaque
692 3211 835 3253 murmura
855 3192 995 3254 volvens:
1194 3203 1253 3261 etc

243 3276 325 3336 ‘Hoc
346 3285 441 3336 tamen
459 3277 571 3338 interea
592 3295 662 3338 carc
685 3281 800 3356 potiere
822 3276 984 3356 sepulcro?

243 3361 331 3422 Tales
354 3362 460 3441 optatis
481 3379 583 3439 regum
601 3363 630 3422 in
652 3362 855 3442 complexibus
875 3361 971 3437 ambo,

241 3446 297 3507 Par
318 3447 431 3523 insigne
453 3447 570 3522 animis,
594 3445 720 3508 Aetolus
737 3456 768 3507 et
789 3447 905 3506 inclitus
923 3445 1017 3507 Arcas

242 3529 388 3609 Egregiae
406 3529 507 3589 elllant
524 3531 634 3590 animae
652 3531 773 3609 letoque
794 3530 935 3591 lruuntur.

240 3613 303 3674 Vos
326 3632 442 3694 quoque
463 3615 586 3692 sacrati,
614 3617 744 3694 quamvis
764 3633 829 3675 mea
848 3615 975 3676 carmina
995 3624 1117 3694 surgant
1198 3625 1256 3680 445
