2842 4300
254 295 295 359 96
589 308 621 355 r.
641 306 775 357 rernm
796 307 913 359 oraru

255 466 412 545 Aequora,
433 460 596 525 Bistonides
614 464 734 527 veniunt
750 463 877 527 fortasse
898 462 1041 528 maritae-⁹

319 548 409 609 ‘Hinc
431 547 536 609 stimuli
557 549 706 626 ingentes,
729 566 908 627 magnusque
927 548 1093 611 advolvitur
1111 551 1200 613 astris

256 632 382 695 Clamor.
426 633 585 693 Amazonio
605 633 753 711 Scythiam
773 634 893 695 fervore
909 633 1041 710 tumultu,

254 719 450 797 hunaturnque
471 726 556 797 putes
577 736 681 795 agmen
700 718 899 794 demandare,
922 717 972 777 ubi
992 736 1071 779 arnna
1201 727 1253 783 rte

255 802 389 881 Indulget
407 810 491 882 poter
513 811 543 863 et
563 804 645 865 saevi
664 812 763 863 movet
783 804 859 863 ostia
878 801 960 862 belli.

256 888 320 949 Nec
342 888 439 947 varius
460 886 586 963 fremor,
604 896 653 947 aut
674 886 767 948 studia
789 888 818 947 in
838 888 982 947 contraria
1003 887 1079 965 rapti

255 973 431 1048 Dissensus,
451 981 481 1033 ut
500 971 590 1052 plebe
613 971 703 1033 solet:
725 972 807 1040 furor
826 970 958 1033 omuibus
979 970 1067 1047 idem,

255 1058 338 1119 ldern
355 1059 466 1119 animus
484 1056 583 1119 solare
605 1056 724 1133 domos,
743 1058 936 1136 iuvenumque
956 1074 1116 1135 senumque

255 1142 453 1221 Praecipitare
475 1142 559 1203 colos
579 1140 735 1221 plenisque
756 1142 920 1219 adreugere
940 1157 1047 1220 parvos
1203 1153 1256 1205 loc

255 1226 402 1288 Uberibus
421 1226 561 1307 ferroque
580 1243 682 1287 omnes
704 1226 786 1287 exire
808 1244 863 1304 per
881 1243 983 1287 annos.

259 1311 340 1372 'lunc
359 1312 458 1371 viridis
480 1312 538 1372 lete
560 1310 662 1387 lucus,
684 1312 752 1388 iuga
774 1311 856 1373 celsa
875 1309 1024 1371 Minervae

258 1397 400 1476 Propter,
420 1404 526 1475 opacat
543 1394 658 1457 humum
678 1396 763 1473 niger
781 1396 863 1475 ipse,
885 1394 938 1455 sed
958 1396 1077 1473 insuper
1096 1394 1204 1472 ingens

255 1480 341 1541 blons
360 1482 478 1560 premit,
502 1490 531 1541 et
551 1481 665 1557 gemina
686 1490 810 1559 pereunt
832 1480 958 1558 caligine
978 1478 1071 1539 soles.

257 1566 312 1627 Hic
333 1584 457 1625 sanxere
475 1565 575 1640 fidem,
598 1574 628 1625 tu
649 1563 752 1627 Martia
774 1567 857 1626 testis
876 1564 962 1640 Enyo
1200 1572 1256 1627 155

257 1652 355 1729 Atque
376 1650 487 1709 inlernu
509 1645 620 1725 Ceres,
642 1650 821 1729 Stygiaeque
843 1648 1012 1711 Acheronte
1034 1648 1155 1709 recluso

257 1736 334 1796 Ante
356 1752 462 1814 preces
482 1752 591 1795 venere
610 1734 699 1803 deee;
724 1734 777 1795 sed
794 1734 869 1795 talin
887 1734 996 1814 ubique

257 1820 346 1881 lllixta
366 1819 482 1897 Venus,
503 1818 603 1879 Venus
624 1837 702 1881 arnna
725 1828 821 1892 tenet,
843 1819 943 1880 Venus
963 1818 1100 1879 admovet
1116 1818 1190 1879 ires.

256 1904 321 1965 Nec
344 1904 380 1964 de
402 1920 483 1965 rnore
507 1920 606 1973 cruor;
629 1913 727 1965 natum
749 1902 896 1983 canopeia
915 1905 1022 1965 coniux

258 1988 384 2065 Obtulit,
406 1990 560 2066 accingunt
582 2008 650 2051 sese
672 1998 702 2053 et
722 1990 852 2051 mirantia
871 1990 953 2049 lerro
1204 1996 1258 2053 loo

257 2075 398 2152 Pectora,
422 2074 630 2154 congestisque
651 2074 755 2137 avidae
776 2074 860 2135 simul
879 2074 1006 2154 undique
1027 2073 1140 2135 dextris

256 2158 455 2236 Periringunt,
478 2177 513 2220 ac
534 2158 620 2220 dulce
641 2159 726 2220 nefas
747 2160 938 2236 insanguine
959 2161 1027 2220 vivo

258 2242 429 2319 coniurant,
451 2251 630 2321 matremque
651 2262 759 2304 recens
780 2243 969 2305 circumvolat
990 2243 1100 2304 umbra.

321 2327 415 2386 ‘Palla
434 2330 564 2388 cernenti
583 2327 649 2388 mihi
671 2339 794 2407 quantus
814 2330 844 2390 in
867 2328 984 2389 ossibus
1004 2327 1122 2403 horror,
1314 2396 1315 2403 ,

257 2411 370 2492 Quisve
389 2429 443 2490 per
464 2429 515 2472 ora
535 2408 638 2474 color?
661 2413 755 2492 qualis
777 2432 864 2493 quum
887 2431 977 2473 cerva
998 2413 1127 2474 eruentis
1207 2423 1260 2480 165

257 2493 460 2556 circumventa
480 2494 575 2575 lupis,
598 2497 705 2558 nullum
727 2497 775 2558 eui
795 2507 918 2577 pectore
940 2498 1022 2559 molli

257 2578 360 2640 Robur
380 2588 409 2640 et
430 2581 458 2640 in
478 2580 591 2642 volucri
611 2583 705 2642 tenuis
726 2582 832 2640 fiducia
854 2598 951 2656 cursu,

256 2660 432 2743 Praecipitat
453 2683 595 2744 suspensa
615 2665 729 2741 iugem
752 2665 809 2724 iarn
827 2663 943 2742 iamque
964 2665 1057 2724 teneri

258 2746 372 2824 Credit,
395 2757 425 2809 et
442 2748 541 2808 elusos
562 2747 640 2808 audit
659 2765 836 2808 concurrere
855 2764 980 2808 morsus.

268 2895 271 2900 ,
318 2831 532 2899 <illaiamne
554 2833 652 2910 primis
673 2833 788 2910 iamque
810 2831 962 2894 offendere
985 2833 1102 2894 carinae
1208 2844 1261 2900 lto

245 2916 415 2993 litoribus,
440 2923 551 2976 certent
568 2915 642 2978 saltu
661 2917 831 2993 contingere
853 2927 960 2978 terram

194 3069 197 3076 Α
255 3002 445 3081 Praecipites.
490 2997 602 3076 Miseri,
634 3017 708 3078 quos
728 3018 788 3060 non
807 3011 856 3061 aut
875 3000 993 3062 horrida
1012 3000 1104 3061 virtus

255 3085 348 3146 lilerte
369 3084 422 3144 sub
443 3083 584 3162 Odrysio,
608 3094 656 3146 aut
674 3085 762 3146 aredii
785 3085 969 3147 inclementia
988 3085 1071 3164 ponti

255 3168 404 3230 Hauserit!
425 3169 493 3232 Alta
515 3172 601 3231 etiam
622 3187 760 3249 superum
781 3169 903 3230 delubra
928 3179 1069 3248 vaporant

256 3253 476 3332 Promissesque
497 3255 611 3316 trahunt
632 3255 781 3334 pecudes,
803 3256 888 3332 niger
908 3253 1039 3314 omnibus
1061 3255 1122 3316 aris
1210 3265 1262 3322 175

256 3337 351 3415 Ignis,
374 3346 403 3396 et
427 3339 455 3397 in
472 3338 558 3399 nullis
579 3339 670 3418 spirat
691 3339 764 3403 deus
783 3340 898 3418 integer
919 3340 1006 3400 extis.

321 3420 463 3482 ‘Tardius
484 3421 610 3484 humenti
630 3431 747 3484 noctem
767 3424 875 3486 deiecit
897 3423 1021 3503 Olympo

255 3506 400 3586 luppiter,
422 3515 451 3568 et
470 3525 585 3570 versure
604 3509 683 3584 miti,
704 3524 791 3584 reor,
809 3508 931 3570 aethera
952 3526 1022 3570 cura
1104 3573 1108 3578 ,

256 3592 409 3670 Sustinuit,
435 3591 499 3652 dura
522 3592 580 3656 luta
601 3602 716 3671 vetunt,
738 3611 794 3654 uec
814 3595 932 3672 longius
952 3609 1085 3672 umquam
