2842 4300
560 350 738 400 SILVARUM
749 351 782 398 L.
796 351 819 398 1.

242 505 346 584 Digna
368 505 445 568 deae
463 505 551 566 sedes
572 506 670 566 nitidis
689 524 747 566 nec
770 504 872 567 sordet
891 505 928 567 ab
950 509 1048 568 astris.

177 588 232 650 llio
250 589 386 668 Libycus
409 589 612 670 Phrygiusque
634 591 727 667 silex,
749 590 797 652 bic
815 589 886 650 rura
901 589 1049 654 Laconum

179 675 258 735 Saxa
281 675 470 746 virent;·bio
491 674 585 736 llexus
606 691 684 751 onyx
707 683 737 735 et
759 673 902 736 concolor
923 677 983 738 alto
1017 750 1022 758 .

176 757 263 820 Vena
286 762 363 824 mari
382 777 534 840 rupesque
551 760 659 836 nitent,
687 761 752 840 quis
774 777 902 840 purpura
921 763 1031 842 saepe'
1142 778 1194 830 150

177 841 307 905 Oebalis
332 854 362 906 et
382 843 463 920 Tyrii
482 845 650 906 moderator
667 844 740 904 livet
761 844 856 904 aheni.

176 926 317 989 Pendent
335 930 493 989 innumeris
516 928 634 1006 fastigia
655 929 723 989 nixa
745 926 901 996 columnis3

176 1011 308 1074 Robora
330 1013 494 1074 Dalmatico
515 1012 615 1073 lucent
637 1014 740 1072 satiata
761 1012 893 1073 metallo.

176 1095 356 1158 Excludunt
373 1096 472 1158 radios
490 1097 571 1158 silvis
591 1096 718 1156 demissa
738 1098 861 1159 vetustis
883 1091 888 1100 “

175 1179 330 1259 Frigora,
353 1182 503 1260 perspicui
523 1183 623 1242 vivunt
644 1181 673 1240 in
694 1198 838 1241 marmore
860 1180 968 1241 fontes.
1142 1197 1192 1249 155

176 1265 247 1324 Neo
272 1275 375 1326 servat
396 1273 498 1326 natura
519 1267 611 1325 vices.
653 1263 708 1324 llio
730 1265 821 1325 Sirius
843 1264 940 1342 alget,

177 1348 294 1410 Bruma
315 1359 414 1429 tepet,
435 1367 612 1430 versumque
632 1349 735 1410 domus
752 1349 809 1408 sibi
831 1358 977 1429 temperat
995 1367 1107 1410 annum.

178 1433 309 1494 Exultat
328 1435 393 1494 visu
416 1436 562 1513 tectisque
584 1434 714 1514 potentis
732 1433 864 1494 alumnae

178 1515 252 1578 Non
273 1537 361 1578 secus
377 1518 452 1579 alma
465 1517 576 1595 Venus,
597 1535 681 1596 quam
696 1518 722 1578 si
737 1517 858 1597 Paphon
872 1535 1001 1596 aequore
1016 1519 1053 1579 ab
1069 1519 1130 1581 alto

180 1601 356 1681 Idaliasque
377 1603 479 1663 domos
501 1601 687 1682 Erycinaque
707 1601 817 1681 templa
839 1603 959 1662 subiret.
1142 1617 1195 1672 loo

79 1729 81 1756 r
123 1683 128 1691 ¹
252 1686 337 1747 Tunc
354 1687 447 1766 ipsam
466 1687 532 1747 solo
554 1687 695 1748 reclinem
717 1687 804 1747 allata
823 1687 925 1746 cubili:
999 1697 1006 1715 ⁸

80 1767 81 1772 ’
180 1771 336 1846 ‘Quonam
357 1771 519 1850 hic'usque
537 1789 629 1852 sopor
645 1772 789 1849 vacuique
807 1771 950 1832 modestia
969 1771 1050 1848 lecti,

185 1855 216 1914 ΟΔ
235 1855 308 1916 mihi
326 1855 486 1916 Laurentes
505 1857 581 1916 inter
601 1855 708 1916 dilecta
726 1852 865 1934 puellas?

185 1939 263 2013 Quis
285 1957 397 1999 morum
419 1940 546 2020 fideique
568 1935 691 2000 modus?
722 1938 920 2018 Numquamne
942 1939 1021 1998 virili

186 2023 369 2084 Submittere
390 2021 482 2102 iugo?
518 2025 626 2084 Veniet
645 2025 701 2082 iam
722 2023 832 2082 tristior
853 2031 945 2082 aetas.
1144 2037 1194 2090 155

185 2106 310 2169 Exeree
334 2109 455 2169 formam
470 2117 500 2169 et
521 2106 699 2187 fugientibus
720 2115 805 2167 utere
828 2106 922 2167 donis.

187 2192 258 2253 Non
282 2192 350 2253 ideo
368 2188 419 2253 tibi
442 2192 500 2253 tale
523 2194 614 2254 decus
634 2190 791 2270 vultusque
814 2190 960 2270 superbos

186 2276 300 2357 meque
322 2276 405 2353 dedi,
427 2274 531 2337 viduos
552 2288 583 2337 ut
605 2276 801 2337 transmittare
819 2293 874 2354 per
896 2292 987 2335 annos

189 2360 257 2423 Ceu
278 2378 336 2421 non
357 2378 425 2421 cara
445 2361 522 2422 mibi.
567 2362 643 2423 Satis
664 2377 682 2419 o
704 2360 879 2439 nimiumque
900 2362 1016 2439 priores

188 2446 378 2525 Despexisse
399 2462 517 2523 procos.
563 2444 602 2505 At
624 2446 698 2505 enim
720 2444 768 2504 bic
787 2443 838 2504 tibi
860 2446 1000 2522 sanguine
1022 2455 1085 2506 toto
1145 2455 1196 2511 170

187 2530 316 2591 Deditus
334 2548 419 2589 unam
443 2547 544 2589 omnes
564 2530 639 2589 inter
659 2530 778 2589 miratur
801 2538 946 2607 amatque,

188 2614 257 2675 Neo
274 2614 385 2674 formae
407 2632 464 2674 neo
485 2614 586 2693 stirpis
608 2632 717 2691 egens:
738 2631 803 2673 nam
822 2612 910 2673 docta
931 2632 987 2692 per
1009 2614 1111 2675 urbem
1145 2673 1149 2678 .

192 2698 329 2761 Carmina
351 2698 400 2777 qui
421 2699 558 2775 iuvenes,
586 2716 661 2777 quae
683 2696 894 2759 non-didicere
919 2696 1059 2776 puellae?
1163 2724 1166 2729 ·

190 2780 276 2844 Hunc
299 2790 328 2841 et
348 2782 485 2842 bissenos
506 2785 548 2831 .:.
569 2783 612 2842 sio
635 2780 815 2860 indulgentia
835 2790 941 2859 pergat

190 2866 340 2929 Praesidio
361 2866 483 2926 Ausonii
503 2892 545 2915 ⁴-
563 2884 667 2927 oernes
687 2864 825 2927 attollere
848 2866 948 2925 fasces
1145 2874 1196 2930 175

192 2952 272 3011 Ante
295 2949 385 3019 diem;
409 2958 490 3010 certe
512 2950 568 3010 iam
589 2968 664 3010 nuno
687 2947 830 3025 Cybeleia
849 2952 932 3009 novit

80 3098 81 3101 ,
191 3035 302 3096 Limina
323 3044 352 3095 et
374 3032 525 3095 Euboicae
546 3054 663 3095 carmen
680 3033 755 3110 legit
773 3032 824 3093 ille
845 3033 988 3109 Sibyllae.

100 3164 105 3175 .
192 3118 313 3197 lamque
335 3136 442 3197 pareps
464 3116 578 3195 Latius,
599 3120 681 3187 ouius
702 3134 901 3197 praenoscere
921 3127 1047 3177 mentem

79 3220 81 3271 3
188 3194 257 3266 Fas.
273 3202 358 3279 mibi,
383 3220 548 3282 purpureos
570 3202 685 3263 babitus
707 3202 864 3279 iuvenique
888 3202 988 3261 curule

79 3300 81 3305 ·
191 3286 360 3364 lndulgebit
382 3287 454 3347 ebur
472 3284 629 3365 Daoasque
650 3320 693 3334 -
714 3303 789 3367 quae
810 3285 915 3362 gloria
925 3283 1038 3346 maior?
1061 3319 1103 3332 -
1146 3295 1198 3349 180

192 3370 324 3432 Exuvias
345 3371 503 3451 laurosque
524 3371 603 3431 dabit
621 3364 777 3432 celebrare
797 3378 945 3429 recentes.

193 3454 275 3533 Ergo
299 3472 371 3532 age,
394 3456 482 3533 iunge
506 3465 587 3515 toros
608 3464 695 3535 atque
718 3455 778 3515 otia
797 3452 882 3513 deme
905 3456 1050 3515 iuventae.
1087 3464 1090 3467 ’

194 3539 276 3615 Quas
298 3556 362 3616 ego
379 3557 437 3599 non
458 3548 588 3619 gentes‚›
604 3558 678 3619 quae
698 3556 757 3599 non
778 3537 844 3598 iace
868 3538 957 3599 corda
979 3535 1097 3616 iugavi?

193 3622 324 3683 Alituum
345 3624 548 3704 pecudumque
566 3622 635 3685 mihi
652 3624 775 3711 durique
796 3623 923 3714 ferarum
