2842 4300
250 394 308 461 102
582 409 615 457 rt
637 406 770 457 earnm
791 405 930 458 arum·

247 566 415 644 Frangitur,
436 565 565 625 incertae
586 564 642 626 iam
661 574 718 626 nee
737 564 825 645 prior
838 565 954 645 inpetus
974 562 1058 638 alno,
1189 570 1248 626 oto

248 652 308 713 Sed
327 650 419 725 labat,
443 658 587 709 extantem
608 652 711 710 rostris
733 650 819 711 modo
842 650 1006 728 gurgitein
1025 650 1115 725 imo·‚·
1197 653 1201 684 ²

247 735 330 797 Nune
349 734 435 795 eoelo
455 734 572 796 'initura
591 734 699 795 ferens.
743 734 807 795 ileo
827 734 935 794 robora
949 736 1077 813 prosu'nt
1124 768 1127 773 -
1176 746 1189 815 j

249 819 411 882 Semideum
431 818 569 897 heroum,
588 834 777 899 puppemque
797 817 1047 896 insana-dagellat
1126 848 1149 893 ρ

248 904 346 965 Arbor
367 912 396 964 et
418 904 543 964 instabili
561 904 762 983 procumbens·
777 905 909 983 pondere
930 912 1034 963 eonas

249 990 354 1069 Rapiat
373 1006 478 1067 aquas,
500 990 630 1068 remique
653 990 759 1049 eadunt
774 991 804 1066 in
821 996 926 1068 peetus
945 988 1056 1047 inanes.
1188 996 1245 1053 375

311 1072 390 1133 ‘Nos
402 1090 517 1153 quoque
534 1090 588 1152 per
598 1091 688 1152 rupes
699 1078 903 1152 murorumque
914 1090 1025 1151 aggere
1036 1072 1072 1133 alt
1089 1072 1178 1152 omiti,

247 1158 322 1220 Duru
341 1157 426 1219 labor
446 1158 496 1218 ille
517 1158 587 1217 viris
607 1158 740 1237 irataque
758 1158 940 1236 indignantur
957 1166 987 1216 et
1006 1157 1162 1237 Austrosq·

248 1242 384 1322 Desuper
401 1241 773 1304 invalidisduitantiatela
794 1242 911 1316 lacertis
932 1278 975 1288 —
1075 1248 1078 1260 '
1166 1266 1170 1275 ¹

249 1328 324 1401 Quid
345 1344 403 1387 uon
423 1344 492 1387 ausu
512 1322 632 1387 manual
652 1362 695 1375 -
716 1328 874 1388 Telamona
895 1334 925 1386 et
943 1325 1033 1387 Pelea
1055 1330 1192 1389 eonon·-

249 1412 433 1490 Spargimus,
457 1418 486 1470 et
502 1416 602 1471 nostro
624 1411 918 1491 petitur'l'iryntlius
941 1414 1037 1470 areuss'
1076 1432 1079 1441 ·
1143 1423 1147 1443 ²
1188 1420 1245 1478 380

247 1496 294 1557 Illi
317 1496 424 1575 quippe
446 1495 529 1555 dmul
550 1495 630 1555 bello
653 1496 820 1580 pelagoque
842 1494 984 1555 laborant.
1099 1520 1102 1526 ¹
1157 1505 1180 1519 ·’

248 1581 318 1641 Pars
340 1579 443 1659 clipeis
462 1581 572 1639 munire
590 1588 706 1657 ratemp
720 1595 789 1659 pars
807 1594 935 1658 aequora
946 1579 1042 1640 dando
1089 1585 1092 1595 “
1120 1589 1127 1598 ’

249 1664 397 1741 ligerere:
420 1673 465 1724 ast
483 1664 532 1724 alii
554 1674 705 1743 pugnantp
718 1664 772 1725 sed
792 1664 895 1724 inertia
913 1672 992 1723 motu

250 1747 383 1827 Corpora
401 1764 620 1827 suspensaeque
644 1749 912 1809 eareni'o'ondmine
930 1750 1020 1808 vires.
1108 1776 1112 1783 ·
1189 1762 1194 1771 ·

248 1832 389 1893 instamus
410 1834 487 1893 iaetu
508 1833 648 1910 telorum,
673 1842 702 1895 et
723 1827 823 1893 ieirea'
836 1833 939 1893 nimiis
1121 1851 1125 1859 ’
1176 1842 1243 1912 ’335

250 1916 350 1977 Gertat
370 1917 478 1995 hiems,
500 1926 659 1999 vastaeque
679 1919 767 1979 sudes
785 1915 937 1995 iraetique'
950 1916 1076 1977 molares
1196 1930 1200 1937 ’

249 2002 426 2082 Spiculaque
447 2010 477 2062 st
495 2002 584 2063 multa
606 1999 737 2064 erinitum
756 2002 865 2062 missile
884 2002 995 2082 ilamma

248 2084 330 2147 Nune
351 2087 457 2167 pelago
477 2104 553 2147 nune
574 2102 673 2169 puppe
691 2088 814 2165 eadunt,
836 2088 1007 2167 det-operta
1026 2086 1175 2165 ira'gorem

247 2171 352 2247 Pinus,
375 2181 404 2232 et
426 2172 565 2234 abiunctis
587 2182 739 2251 regemunt
759 2172 885 2233 tabulata
903 2173 1046 2232 cavernis.
1084 2198 1088 2204 ’

312 2256 409 2317 ‘Talis
431 2256 621 2336 Hyperborea
642 2258 752 2318 uirides
772 2258 839 2318 niie
857 2256 995 2316 verberat
1016 2269 1104 2334 agros
1151 2271 1155 2279 '
1189 2265 1247 2323 390

248 2340 392 2421 luppiter;
415 2341 545 2403 obruitur
563 2345 671 2422 eampis
692 2349 793 2420 genus.
807 2334 891 2402 omne
911 2342 1054 2419 ferarum,
1128 2356 1132 2369 ·
1196 2352 1200 2361 '

249 2425 484 2506 Deprensaeque·
503 2419 606 2486 o'adunt
628 2427 786 2503 volueres,‘
805 2435 834 2486 et
852 2427 957 2486 messis
978 2440 1076 2486 amaro

250 2511 344 2570 Strata
363 2509 447 2586 gelu,
469 2510 570 2588 iragor
587 2510 653 2571 inde
675 2509 1004 2590 iugis‚·inde·amnibus
1027 2509 1163 2571 ir'ae.''
1236 2578 1241 2591 ‚
1337 2536 1338 2579 t

313 2593 368 2654 ‘Ut
385 2612 456 2654 vero
476 2595 552 2656 elisit
565 2593 663 2656 nubes
685 2595 867 2656 lore'tortus
889 2595 931 2656 ab'
947 2595 1026 2654 alto·

248 2677 328 2756 ignis
349 2687 379 2738 et
399 2679 532 2757 ingentes
553 2690 674 2760 patuere
695 2682 725 2740 iu
746 2681 851 2741 lumitie
871 2685 992 2754 naume,
1136 2707 1140 2714 ·
1189 2687 1246 2744 395

249 2761 405 2840 Diriguere
426 2766 525 2840 animi,
546 2765 735 2844 manibusque
757 2765 881 2825 horrore
900 2764 1030 2824 remissis
1051 2791 1055 2796 ·
1193 2771 1197 2778 '

249 2847 337 2908 Arma
358 2847 451 2909 aliena
474 2851 592 2928 cadunt,
614 2851 782 2910 redeuntia
807 2857 1049 2929 peetora'sexus.
1141 2873 1158 2883 ¹⁴
1204 2857 1208 2865 '

250 2929 400 2992 Cernimus
424 2932 567 2994 Aeacidas
589 2937 735 3012 murisque
748 2935 870 2994 'inmane
888 2935 1042 2993 minantem
1152 3003 1157 3012 .

248 3016 404 3076 Ancaeum*
417 3025 448 3091 ⁴et
467 3017 554 3096 longa
576 3019 876 3099 p'elleutetlu.·euspide
896 3028 986 3098 rupes
1065 3028 1090 3072 ·-·.

248 3100 378 3181 Iphitou;
400 3098 526 3180 attonito
538 3103 709 3164 'maniiestus
729 3103 759 3163 iu
777 3105 889 3181 o'gmiue
905 3103 1083 3181 ”suprafesr
1190 3109 1247 3167 400

249 3185 539 3265 Amphitryoniades,
561 3204 747 3268 puppemque
768 3188 895 3248 alternus
916 3180 1059 3265 utrimque

249 3269 384 3415 1¹'aut
394 3273 665 3418 litterate
684 3271 1118 3418 stitueretur
1236 3361 1241 3368 -

251 3439 386 3501 Transtra
406 3458 460 3520 per
481 3449 511 3500 et
531 3425 627 3522 remos
647 3444 840 3521 impressaque
862 3449 947 3517 terga
967 3441 1112 3519 virorum,

250 3523 333 3584 Nune
351 3540 481 3604 magnum
503 3523 650 3603 Oeniden,
672 3525 819 3586 nuneille
837 3523 1117 3602 hortatibusiditm'f
1189 3531 1245 3591 405

250 3608 288 3689 lit
307 3607 424 3670 Talaum
446 3615 477 3670 et'
494 3611 564 3670 eada
584 3619 730 3670 rorantem
747 3609 1037 3689 adspergineponti·

321 3693 432 3755 iuriden
451 3694 559 3755 iterans
580 3693 730 3775 gelidique
750 3695 780 3754 in
802 3693 1050 3775 nulteparentis·
