2842 4300
472 376 764 427 aaaomoosnm.
786 377 820 426 v,
1116 370 1158 432 97

168 536 329 599 Cessavere
350 552 445 599 novae
463 536 599 616 perfecto
620 535 685 597 solo
707 536 859 597 tenebrae.
1105 552 1157 605 leo

167 626 236 685 Sera
257 632 351 683 tamen
370 622 475 683 muodo
494 630 635 682 venerunt
655 630 751 698 astra,
775 623 828 683 aad
850 622 908 686 iilis

166 706 202 769 Et
221 708 310 769 Paros
331 716 361 768 et
381 724 536 769 nemorosa
554 704 668 767 Thasos
689 705 871 787 crebraeque
887 707 1020 769 relucent

168 792 322 870 cycladem
341 810 397 852 una
418 793 499 870 gravi
521 790 635 872 penitus
657 790 729 851 latet
749 792 853 854 obruta
873 793 961 853 coeio

165 879 301 953 Lemnos,
324 876 352 935 ia
367 876 441 937 banc
455 878 553 937 tristes
567 875 710 953 nebulae,
727 886 757 936 et
772 876 964 955 plagacaeca
979 898 1107 961 superne

166 962 296 1037 Texitur,
319 980 375 1022 una
396 962 481 1039 vagis
495 960 620 1021 Lemnos
639 978 697 1020 non
719 963 815 1039 agnita
836 966 939 1023 nautis.
1103 976 1155 1032 185

225 1045 302 1107 ‘Iam
316 1045 448 1106 domibus
462 1047 518 1108 iusi
533 1055 563 1106 et
576 1062 725 1107 nemorum
741 1065 796 1126 per
811 1064 905 1127 opaca
921 1066 1071 1111 sacrorum

164 1131 274 1192 ibidibus
297 1130 446 1209 indulgent
467 1130 563 1211 epuiis
582 1139 766 1210 vacuantque
784 1132 928 1211 profundo

165 1218 270 1278 Aurum
293 1216 405 1275 inmane
426 1232 524 1292 mero,
547 1215 613 1276 dum
634 1234 710 1295 quae
732 1234 788 1295 per
808 1218 962 1293 Strymona
983 1237 1110 1298 pugnae,

165 1301 232 1376 Quis
252 1298 396 1380 Rhodope
415 1300 555 1378 gelidove
575 1300 660 1361 labor
679 1301 798 1361 sudatus
818 1303 848 1361 in
868 1302 990 1377 Haemo,

163 1384 453 1446 Enumerare-vacat.
497 1384 561 1445 Nec
582 1402 656 1459 non,
678 1402 779 1443 manaa
798 1386 891 1464 inpia,
914 1396 1021 1466 nuptae
1104 1399 1155 1453 rao

164 1472 247 1531 Serta
267 1471 343 1530 inter
363 1468 513 1546 festasque
535 1467 642 1546 dapes,
662 1484 720 1547 qno
742 1470 865 1530 maxima
887 1471 966 1531 cultu
1063 1495 1065 1498 ·

164 1554 304 1634 Quaeque
326 1555 436 1622 iacent;
456 1552 577 1613 dederat
597 1554 682 1612 mites
703 1551 850 1628 Cytherea
868 1572 1002 1635 suprema

162 1639 255 1699 Nocte
277 1639 372 1715 viros,
392 1637 541 1715 longoque
562 1635 683 1697 brevem
704 1647 774 1717 post
792 1648 925 1719 tempore
949 1658 1052 1720 pacem

162 1722 360 1803 Nequicquam
382 1731 412 1783 et
429 1723 553 1781 miseros
576 1722 707 1801 perituro
729 1721 881 1785 afflaverat
901 1726 971 1803 igni.

221 1805 411 1867 <Conticuere
435 1806 532 1882 chori,
551 1803 675 1885 dapibus
697 1806 825 1886 ludoque
845 1809 945 1871 licenti
1105 1825 1153 1879 195

161 1892 206 1955 Fit
227 1891 347 1967 modus,
371 1900 400 1951 α
422 1892 532 1970 primae
555 1890 732 1951 decrescunt
749 1908 891 1954 murmura
913 1897 1018 1971 noctis,

162 1976 254 2052 Quum
276 1976 483 2053 consanguinei
504 1976 608 2035 mixtus
632 1976 758 2053 caligine
778 1976 829 2037 ieti

160 2062 239 2122 liore
260 2061 378 2121 madens
400 2060 502 2137 Stygio
525 2060 690 2120 morituram
712 2061 896 2140 amplectitur
917 2062 1017 2124 urbem

161 2149 298 2223 Somnus,
322 2155 351 2206 et
373 2143 518 2224 inpiacido
540 2144 753 2224 iunditgravia
776 2147 834 2208 otia
854 2164 946 2208 corna

160 2233 352 2310 Seoernriqne
374 2231 464 2290 viros.
508 2229 636 2307 Vigilant
658 2240 828 2311 nuptaeque
846 2249 992 2312 nurusque
1101 2248 1156 2301 aoo

158 2316 192 2377 ln
214 2316 329 2392 scelus,
353 2323 440 2395 atque
453 2313 570 2375 bilares
594 2325 698 2376 acuunt
720 2317 784 2376 iera
806 2316 866 2378 teia
888 2335 1017 2380 sorores.
1113 2345 1116 2352 ’

158 2401 298 2462 invasere
320 2399 419 2475 ocius,
442 2408 546 2459 cuncto
569 2417 621 2460 sua
643 2411 747 2478 regnat
768 2399 875 2478 Erinys

157 2487 297 2547 Pectore:
319 2502 376 2544 non
395 2484 480 2545 aliter
497 2483 651 2560 Scythicos
672 2496 802 2546 *armenta
824 2505 879 2566 per
899 2507 987 2567 agros

156 2570 311 2647 Hyrcanae
331 2568 465 2630 clausere
484 2567 566 2645 leae,
586 2585 658 2648 quas
680 2572 773 2649 exigit
792 2580 858 2631 orta

156 2656 252 2717 Prima
268 2655 380 2730 ianuas,
403 2653 538 2734 avidique
558 2654 704 2732 inplorant
723 2655 814 2731 obera
834 2657 903 2716 nati.
1099 2669 1150 2726 205

221 2738 317 2814 ‘Quos
337 2738 405 2815 tibi,
423 2755 488 2798 nam
509 2737 624 2816 dubito,
647 2739 794 2800 scelerum
816 2741 853 2800 de
874 2740 955 2802 milie
975 2743 1076 2820 iiguris

154 2825 320 2904 Expediam
342 2821 450 2884 casus?
475 2821 617 2882 Heiimum
637 2825 790 2884 temeraria
813 2823 913 2902 Gorge

153 2910 310 2972 Evinoturn
328 2909 414 2969 nmis
438 2907 553 2986 altaque
573 2907 602 2966 in
622 2909 699 2968 mole
720 2918 850 2988 tapetum

151 2994 311 3055 Eidantem
331 3009 433 3053 somno
452 2993 616 3052 crescentia
636 2993 719 3071 vina,
739 3004 908 3073 superstans

152 3078 287 3140 Vulnera
309 3077 431 3138 disiecta
450 3077 567 3136 rimatur
586 3087 688 3154 veste,
710 3078 764 3138 sed
782 3079 860 3139 ilium
921 3133 924 3140 .
1096 3095 1151 3149 ιω

150 3162 263 3224 Infelix
285 3179 318 3222 so
342 3179 376 3223 or
394 3162 508 3222 admota
532 3159 585 3221 sub
602 3171 698 3222 morte
715 3163 834 3241 refugit

151 3247 301 3308 Turbidus
321 3180 524 3325 ducertnmque
545 3245 639 3306 oculis
660 3247 848 3326 vigilantibus
872 3248 984 3311 bostem

150 3332 290 3410 Occupat
311 3330 460 3410 amplexu,
478 3349 535 3390 nec
553 3331 674 3408 segnius
694 3333 744 3393 iiia
764 3335 891 3394 tenentis

149 3417 238 3478 Pone
259 3415 348 3493 adigit
370 3425 483 3492 costaa,
507 3415 603 3476 donec
618 3433 676 3478 aua
696 3427 818 3497 pectora
840 3419 921 3480 ferro

149 3501 315 3578 Tangeret
359 3499 388 3561 is
410 3499 522 3560 demum
545 3501 652 3562 sceleri
671 3503 790 3575 modus;
813 3521 865 3566 ora
886 3505 1000 3583 supinat
1096 3515 1148 3569 215

146 3585 282 3660 Blandus
298 3584 407 3661 adbuc,
429 3584 579 3664 oculisque
596 3594 726 3648 tremens
739 3598 769 3648 et
787 3605 930 3650 murmure
946 3590 1063 3668 Gorgen

148 3669 296 3747 Quaerit,
319 3679 349 3730 et
370 3669 488 3750 indigno
510 3668 679 3734 uon'aoivit
700 3671 819 3736 brachia
841 3673 930 3737 coilo.

201 3774 340 3819 annuant
361 3775 395 3820 11.
963 3762 982 3818 7
