2842 4300
246 321 309 387 ate
585 338 618 389 a.
638 335 772 386 esnmu
792 334 910 385 arsen

247 493 352 570 Arma,
374 492 445 569 riri,
468 510 586 571 curras,
611 494 728 573 altaque
749 496 780 555 iu
796 501 896 571 stage
916 489 1028 551 seniles

247 577 394 639 Deficiunt
412 596 550 656 gressus,
572 588 603 639 et
623 580 682 641 dux
700 578 863 639 miseranda
880 577 1007 637 laborat.

249 662 287 723 Ut
307 664 436 741 quaesita
454 664 501 724 diu
518 666 688 725 monstrarit
708 680 834 742 corpora
853 663 966 724 clamer

248 746 393 825 Virginis,
415 748 547 809 insternit
564 758 643 810 totos
663 747 838 825 frigentibus
856 757 947 807 artas.
1223 748 1275 831 filib

248 830 314 892 Nec
333 849 392 892 vox
410 832 470 893 ulla
491 836 571 903 seni;
593 835 670 893 iacet
687 834 865 911 inmugitque
883 832 1013 891 cruentis

249 915 442 993 Vulneribus,
464 936 521 977 nec
538 918 631 979 rerba
650 918 698 978 diu
719 926 859 996 temptata
876 924 1046 994 sequantur.

249 1000 324 1063 Dum
342 1010 448 1062 tractat
469 1002 571 1079 galeas
590 1012 676 1082 atque
696 1018 749 1063 era
769 1002 887 1062 latentia
904 1000 1031 1080 quaerit,

251 1084 379 1147 Tandem
396 1095 473 1147 muta
491 1087 590 1148 furens
612 1088 729 1165 genitor
746 1088 872 1167 suspitia
890 1085 994 1145 solvit:

315 1170 427 1232 ‘Tarda
442 1190 551 1248 meam,
574 1173 684 1251 pietas,
707 1172 798 1249 longo
812 1180 881 1251 past
894 1180 1030 1248 tempere
1044 1176 1186 1227 mentem
1215 1172 1272 1229 6⁰⁵

250 1252 403 1334 Percutiq?
426 1265 509 1317 estne
530 1255 583 1317 sub
602 1256 661 1317 lucc
680 1256 803 1317 bominis
822 1256 976 1316 clementia
996 1249 1114 1314 ccrdel

249 1339 350 1401 Vincis
366 1359 413 1401 me
430 1342 581 1419 miserum,
603 1342 711 1418 vincis,
733 1350 851 1417 natura,
873 1349 1035 1419 parentem.

249 1422 296 1487 En
315 1424 411 1485 babeo
430 1426 571 1503 gemitus,
594 1426 791 1505 lacrimaeque
807 1443 864 1505 per
880 1425 960 1485 arida
976 1431 1099 1502 serpunt

250 1508 397 1586 Vulnera,
423 1519 453 1569 et
475 1512 504 1570 in
523 1510 629 1571 molles
650 1514 782 1590 sequitur
799 1528 900 1571 manns
918 1509 997 1589 inpia
1018 1508 1173 1587 planctus.

250 1594 386 1673 Accipite
408 1594 543 1655 inlandae
564 1597 640 1655 iusta
662 1596 827 1676 exequialia
844 1596 957 1670 mortis,
1211 1600 1266 1656 610

252 1675 396 1738 crudeles
416 1680 588 1759 nimiumque
610 1682 682 1755 rnei;
704 1700 761 1742 nec
781 1698 909 1741 noscere
925 1688 1009 1740 natos

251 1762 478 1841 Alloquinmque
500 1774 603 1845 aptare
622 1765 701 1827 licet.
745 1764 818 1843 Dic,
839 1768 940 1843 virgo,
962 1762 1106 1843 precanti,

252 1846 347 1921 Quem
367 1846 476 1909 teneo?
499 1868 556 1929 quo
576 1869 651 1911 nunc
668 1860 783 1911 vestras
801 1867 859 1928 ego
877 1866 984 1909 sacrm
1000 1847 1116 1907 bonore

251 1931 417 2011 Prosequar
434 1933 574 1995 inferias?
596 1954 615 1996 ο
634 1936 658 1996 si
676 1934 814 1997 fodienda
831 1934 960 1995 redirent

251 2014 368 2077 Lumina
391 2027 421 2079 et
444 2021 474 2079 in
493 2020 589 2081 vultus
608 2021 724 2081 aserim
745 2037 785 2079 ex
800 2036 882 2079 mare
899 2016 1045 2096 potestas!
1207 2024 1259 2081 ⁶15

251 2100 316 2162 Heu
335 2102 437 2180 dolor,
457 2103 515 2164 heu
532 2106 610 2166 iuste
630 2106 723 2184 magis
743 2104 879 2166 exaudita
895 2104 1027 2182 parentis

252 2185 329 2248 Vota
348 2188 501 2268 malaeque
521 2190 643 2268 preces!
667 2192 796 2268 quisnam
814 2189 868 2249 luit
887 2188 939 2248 ille
957 2188 1091 2261 deorum,

253 2269 311 2344 Qut
333 2273 412 2332 stetit
432 2283 562 2334 orantem
581 2276 660 2336 iuxta
681 2283 899 2353 praereptaque
916 2272 1007 2332 verba

252 2354 379 2417 Dictavit
400 2355 486 2418 latis?
508 2358 590 2418 inrcr
606 2359 656 2420 illa
674 2367 704 2419 et
720 2361 811 2419 movit
827 2357 933 2433 Erinys

253 2437 291 2499 Et
310 2450 394 2519 pater
412 2451 442 2502 et
458 2445 595 2519 genetrix
614 2452 644 2503 et
663 2461 754 2521 regna
774 2443 911 2522 oculique
933 2441 1072 2502 cadentes
1080 2463 1092 2511 ;1
1205 2449 1258 2504 62]

253 2521 302 2583 Nil
321 2542 393 2602 ego;
417 2544 472 2604 per
488 2526 584 2588 Ditem
603 2529 666 2587 iura
685 2528 847 2606 dulcesque
865 2525 1002 2587 tenebras

253 2606 474 2690 lumeritamque
493 2611 611 2689 ducem,
633 2611 754 2674 subeam
773 2614 818 2672 sic
835 2621 942 2672 tartara
962 2612 1049 2689 digna

253 2691 366 2771 lllcrte,
390 2713 446 2756 nec
467 2697 540 2758 irata
557 2697 649 2774 lugiet
667 2715 714 2757 me
731 2696 816 2757 baius
836 2695 946 2756 umbra.

252 2777 308 2838 llei
326 2779 411 2856 mibi,
438 2798 513 2860 quos
530 2800 623 2842 nexus
642 2781 777 2859 lratrum,
801 2799 877 2860 quae
896 2780 1018 2842 vulnera
1036 2781 1150 2841 tracto!

254 2862 368 2924 Solvite
387 2882 497 2943 quaeso
517 2884 616 2926 manns
639 2867 803 2945 infestaque
824 2866 939 2926 vincula
958 2864 1076 2925 taudem
1206 2875 1258 2930 em

254 2945 398 3024 Dividite,
423 2959 453 3009 et
470 2950 594 3011 madium
612 2970 686 3012 nunc
706 2951 809 3011 saltem
831 2951 969 3010 admittite
989 2953 1128 3028 patrem?

318 3031 399 3093 Talia
417 3033 576 3113 dequestus
594 3037 731 3114 paulatim
751 3044 915 3114 sumpserat
929 3036 989 3094 iras
1105 3047 1109 3052 ·

254 3115 357 3176 blcrtis
380 3125 410 3178 et
430 3119 547 3180 occulte
565 3121 669 3197 telum,
692 3121 721 3179 ni
742 3130 808 3181 nata
828 3127 954 3196 vetaret,

257 3200 441 3281 Quaerebat,
466 3203 519 3264 sed
539 3213 619 3266 casta
635 3223 720 3266 manu
740 3205 925 3266 subtraxerat
945 3220 1033 3262 enses

257 3285 419 3364 Antigone;
439 3289 508 3349 furit
527 3289 594 3350 inde
616 3308 724 3350 senex:
746 3289 820 3349 ‘Ubi
841 3289 929 3349 noxia
946 3283 1027 3348 tela‘i
1209 3295 1259 3352 630

256 3369 320 3431 Heu
338 3371 448 3449 iuriae,
468 3391 534 3434 num
553 3382 642 3434 totum
660 3373 731 3435 abiit
748 3375 777 3433 in
795 3391 922 3453 corpora
943 3367 1091 3432 iemunl'

257 3453 409 3516 Dicentem
430 3475 529 3518 comes
551 3477 640 3536 aegra
659 3459 740 3518 leaat
755 3467 921 3536 mutumque
937 3456 1072 3517 dolorem

256 3537 325 3619 Ipsa
343 3542 463 3619 premit,
485 3559 602 3604 saevum
623 3543 756 3620 gaudens
772 3543 922 3622 planxisse
942 3549 1106 3620 parentem.
1169 3542 1177 3558 ⁶

323 3623 398 3685 Olim
418 3634 513 3686 antem
530 3627 666 3706 inceptae
684 3627 814 3688 clamore
832 3628 972 3686 exterrita
989 3639 1107 3705 pugnae
