2842 4300
250 308 310 374 132
576 328 608 378 ιι.
635 326 771 379 sermm
788 328 906 379 suern

248 482 371 559 niseus,
393 500 451 544 nee
471 482 557 545 dubia
577 484 710 548 innatum
730 486 902 549 lienestiseu
922 485 1029 549 vtem

248 566 411 629 'dransabiit
430 578 522 639 metm
546 569 635 648 louge
655 589 746 651 super
764 572 878 633 aemuia
898 572 981 649 sigua

249 652 389 715 Consedit
407 654 574 733 viridesque
595 654 731 716 hommes
751 666 784 717 et
799 672 895 736 opaea
914 657 1020 717 tireatri

248 736 394 817 dulmine,
415 756 469 799 eeu
491 739 568 801 tutae
585 740 751 801 tremefecit
769 742 848 801 moie
869 742 980 802 ruinae.

248 822 341 898 Quale
361 824 528 904 vaporifera
547 840 648 885 sanum
670 824 865 906 Polyphemus
884 825 922 885 ab
939 825 1035 886 Aetam

246 908 332 971 Luois
354 917 460 987 egente
477 926 578 986 mauu,
602 911 746 971 tamenin
766 911 892 987 vestigia
907 912 1022 989 puppis

246 992 370 1056 Auditae
391 996 528 1075 iuxtaque
550 995 692 1055 inimicum
710 996 813 1073 exegit
831 995 948 1055 Ulixen.

248 1078 309 1159 [Sia
329 1088 358 1139 et
378 1078 521 1156 Aloidae,
545 1096 630 1159 qnam
651 1080 709 1141 iam
729 1080 841 1141 uetaret
861 1078 1015 1158 Olympum

246 1162 382 1245 Desuper
403 1162 478 1226 Ossa
497 1166 615 1243 rigens,
637 1165 732 1244 ipsum
750 1164 877 1243 glaoiaIe
891 1163 1026 1224 terebant
1191 1174 1244 1231 πω

247 1247 348 1311 Pelion
370 1257 399 1310 et
419 1249 535 1329 trepido
557 1248 715 1329 sperabant
730 1250 858 1327 iungere
878 1249 990 1328 coeio}

310 1333 390 1395 Tune
411 1334 526 1413 genitus
547 1333 638 1396 Talao
659 1335 765 1395 viatori
785 1335 873 1412 tigrin
892 1336 1006 1394 inanem

247 1416 294 1481 ire
317 1418 415 1496 iubet,
438 1418 519 1479 iuiro
542 1418 812 1504 qnae'oireuiusa
833 1418 944 1479 nitebat

245 1503 375 1583 Margine
393 1512 423 1564 et
444 1512 591 1564 extremos
613 1520 684 1564 auro
700 1512 905 1564 mansueverat
925 1518 1047 1580 ungues.
1327 1545 1328 1580 3

246 1586 422 1650 Gnossiaeos
443 1606 529 1649 areos
550 1586 638 1649 habet
660 1597 689 1649 et
707 1605 783 1666 vaga
803 1588 864 1649 tela
885 1586 1083 1648 Menestheus.
1189 1595 1240 1651 726
1327 1587 1328 1646 i

246 1672 303 1734 ‘At
322 1672 390 1751 tibi,
413 1672 467 1749 ait,
490 1672 636 1751 Phlegym
658 1690 728 1734 oasu
749 1673 885 1733 irusmate
908 1673 1036 1748 sinistro,
1327 1707 1328 1714 κ

245 1757 327 1819 Hune
349 1756 492 1837 quondam
509 1757 600 1817 nostri
617 1757 708 1818 denas
730 1754 925 1835 auxiliumque
944 1755 1075 1834 Pelasgi⁷

244 1840 469 1919 demetamus,
489 1858 585 1922 neque
608 1843 683 1902 enirn
703 1841 907 1922 Hippomedon
923 1840 1077 1918 inviderit,
1099 1860 1211 1905 eueni.

244 1926 328 1989 Nune
349 1944 423 2008 opus
443 1935 489 1987 est
509 1928 610 1987 animis
627 1926 750 1987 iniestos
771 1927 880 1988 toliere
900 1934 1018 1987 euentus

247 2011 397 2074 Coruinus:
420 2012 494 2073 haee
515 2011 603 2072 bellis
624 2021 653 2072 et
674 2012 755 2073 ierro
778 2012 909 2091 proxima
930 2012 1045 2071 uirtus?
1188 2017 1241 2081 tao

308 2094 442 2159 Constitit
462 2098 581 2159 inmanis
603 2098 683 2159 cerui
704 2097 882 2177 immanisque
903 2096 979 2156 tueri

243 2183 402 2262 Argolicus
422 2179 593 2262 Capaneus,
616 2201 651 2244 ae
669 2184 736 2243 dum
755 2183 896 2261 nigrantia
912 2179 1033 2262 plumbo

245 2267 384 2346 Tegmina
404 2267 492 2328 cruda
513 2267 599 2327 houm
619 2285 677 2327 uon
697 2267 814 2328 mollior
833 2269 899 2346 ipse
923 2266 1041 2327 ineertis

243 2352 386 2413 induitur:
407 2351 500 2412 ‘Date
521 2359 564 2412 tot
585 2353 719 2412 iuuenum
739 2351 777 2412 de
798 2351 924 2412 millibus
945 2369 1030 2412 uuum

243 2435 322 2514 lino,
346 2437 400 2514 uit,
423 2445 510 2515 atque
530 2436 636 2497 utinam
659 2437 758 2515 potius
776 2434 814 2497 de
835 2438 927 2516 stirpe
947 2438 1063 2496 reniret
1187 2446 1238 2503 735

244 2520 383 2582 Aemulus
403 2520 513 2598 Aonia,
535 2538 620 2601 quem
639 2520 686 2581 ias
703 2520 855 2582 demittere
875 2519 948 2597 leto,

243 2604 307 2667 Nee
326 2624 390 2668 mea
415 2606 541 2667 erudelis
560 2606 638 2667 eiriii
661 2606 802 2684 sangnine
823 2609 940 2666 virtus?

245 2688 430 2772 Obstupuere
451 2692 551 2768 animi,
574 2691 703 2770 iecitque
724 2690 839 2752 silentia
860 2701 967 2752 terror.

303 2776 430 2839 Tandem
449 2776 612 2856 insperatus
631 2775 706 2837 nuda
728 2775 765 2836 de
787 2776 877 2856 pistre
898 2776 1041 2838 Laeonum

242 2860 360 2924 Prosilit
380 2860 561 2937 Alcidamas,
579 2863 717 2922 mirantur
736 2860 845 2922 Dorion
866 2877 968 2939 regum
1186 2872 1239 2929 tto

243 2945 382 3024 damiam
406 2944 460 3005 sed
480 2945 554 3006 socii
574 2944 679 3007 iratum
696 2945 818 3007 Poiiuoe
837 2947 978 3024 magistro

243 3029 354 3091 Norant
375 3037 405 3091 et
423 3046 521 3092 saunas
539 3031 615 3091 inter
635 3032 768 3093 oravisse
790 3031 963 3112 palaestras.

242 3113 311 3194 Ipse
332 3114 404 3176 deus
426 3117 581 3195 posuitque
600 3133 700 3176 manus
721 3126 751 3178 et
771 3114 889 3176 brachia
910 3115 992 3174 tinxit

242 3197 391 3261 Materiam
413 3233 454 3245 -
475 3197 615 3261 suadebat
634 3217 717 3262 amor
733 3223 790 3260 -z
809 3209 879 3260 tuno
898 3217 991 3280 saepe
1013 3199 1122 3262 iooavit
1218 3247 1223 3254 .

246 3281 397 3361 Geminus,
419 3292 448 3344 et
469 3284 553 3345 simili
573 3295 695 3346 stantem
716 3287 836 3346 miratus
855 3286 945 3345 inira
1186 3297 1237 3352 745

245 3369 365 3430 Sustulit
383 3369 515 3430 exultans
536 3370 699 3450 nudumque
719 3369 897 3448 adportare
917 3370 1036 3451 pressit.

306 3453 389 3515 illum
409 3454 571 3533 indignatur
594 3453 749 3535 Capaneus
765 3453 898 3534 ridetque
918 3464 1071 3516 vorantem

245 3535 283 3600 Ut
303 3539 460 3617 miserans,
482 3541 636 3620 posuitque
655 3539 756 3616 aliurn,
776 3540 949 3621 tandemque
970 3549 1091 3601 coaetus
1311 3601 1314 3608 ,

245 3621 377 3705 Restitit,
403 3632 432 3686 et
453 3625 575 3688 stimulis
595 3627 650 3687 iam
671 3623 805 3704 laugnida
827 3626 905 3689 colia
926 3635 1097 3687 tumesenut.
1323 3608 1329 3859 p
