2842 4300
259 359 300 424 38
601 375 633 422 a.
654 374 788 425 eaerum
809 373 924 424 sunan

259 527 357 590 liente
379 529 474 606 acuit,
496 529 550 590 sed
571 528 627 590 fida
649 529 712 590 rias
733 545 898 608 arcanoque
918 528 1024 588 coniux

260 616 418 684 Senserat;
437 623 527 693 utque
548 615 621 675 toris
642 616 736 694 primo
758 613 911 693 complexu
932 611 1049 674 iacebat

260 700 393 760 Aurorae
413 698 526 778 pallore
547 699 641 760 uirum
659 697 761 773 ‘Quos
785 697 891 758 callide
912 707 1006 758 motus

260 783 391 858 Quamne
412 782 508 861 fugam
529 780 663 844 moliris‘l
685 785 740 860 ait,
761 782 802 842 nil
822 784 924 843 transit
945 789 1084 842 amantes.
1211 787 1266 842 δῶ

261 869 379 944 Sentio,
401 868 563 947 pervigiles
585 876 690 928 acuunt
711 868 839 947 suspiria
862 875 993 948 questus,

260 951 420 1032 Numquam
440 953 470 1012 in
490 971 565 1032 pace
588 968 689 1031 sopor.
729 949 871 1025 Quotiens
892 951 966 1012 haec
989 967 1040 1010 om
1063 957 1164 1010 natare

260 1036 391 1099 Fletibus
410 1046 440 1097 et
460 1055 580 1116 magnas
602 1037 735 1097 latrantia
758 1047 880 1116 pectora
901 1053 986 1096 curas

261 1121 385 1182 Admota
407 1121 557 1202 deprendo
577 1119 684 1182 manui
723 1118 772 1182 Nil
793 1121 915 1184 loedere
933 1129 1019 1200 rupto

263 1204 440 1267 Conubiisre
462 1223 552 1287 super
572 1224 693 1266 moveor
713 1205 858 1288 viduaque
880 1207 1010 1274 iuventa;
1208 1213 1266 1268 340

261 1290 324 1351 Etsi
347 1291 453 1351 crudus
475 1307 571 1366 amor,
592 1290 717 1352 necdum
738 1301 806 1370 post
827 1291 958 1353 flammeo
976 1291 1034 1350 toti

262 1375 421 1455 Intepuere
443 1377 514 1445 tori;
537 1385 587 1438 tua
606 1395 669 1452 me,
692 1375 860 1456 properabo
881 1374 978 1450 lateri,

260 1460 351 1538 Angit
372 1469 466 1521 amata
487 1459 576 1521 salus.
617 1460 698 1520 'lune
718 1461 917 1536 incomitatus,
939 1459 1057 1520 inermis

261 1545 365 1622 Regna
385 1542 492 1624 petes?
514 1547 685 1626 poterisque
707 1545 763 1604 tuis
786 1545 934 1606 decedere
957 1542 1077 1620 Thebis,

263 1631 294 1688 Si
317 1626 428 1706 neget?
449 1638 536 1708 atque
557 1630 639 1690 illum
660 1629 756 1690 solers
779 1629 963 1709 deprendere
985 1645 1101 1707 semper
1214 1635 1268 1692 345

263 1711 350 1773 Fama
369 1712 477 1791 duces,
499 1714 636 1775 tumidum
657 1722 755 1774 narrat
776 1723 919 1798 raptoque
943 1713 1100 1793 superbum

261 1796 567 1883 Difficilemquetibi:
589 1798 713 1858 necdum
735 1806 956 1877 consumpserat
975 1816 1087 1858 aunum.

262 1881 310 1942 tle
334 1899 450 1960 quoque
472 1901 548 1942 nunc
568 1892 670 1959 vetes,
689 1901 765 1942 nunc
788 1883 1008 1943 exterminantia
1030 1883 1124 1958 divos,

262 1966 321 2026 Aut
339 1969 433 2027 avium
454 1967 572 2046 lapsus,
593 1976 641 2028 aut
655 1966 768 2027 turbida
789 1967 883 2027 noctis
901 1967 997 2044 imago

266 2050 400 2110 Territat.
436 2051 495 2128 Ab,
517 2052 643 2127 memini,
662 2069 814 2132 numquam
831 2050 899 2110 milri
917 2051 992 2111 falsa
1007 2065 1060 2128 per
1078 2049 1193 2110 umbras
1214 2059 1270 2114 350

262 2134 334 2195 luno
357 2136 452 2198 venit!
498 2134 563 2210 Quo
587 2134 682 2197 tendis
703 2134 783 2197 iter?
805 2137 834 2197 ni
856 2136 991 2197 conscius
1014 2133 1102 2195 ardor

262 2220 369 2297 Ducit,
393 2230 422 2281 et
441 2220 477 2281 ad
496 2220 614 2281 Thebas
633 2222 738 2281 melior
760 2220 880 2282 socerl'
920 2218 974 2281 llic
995 2219 1087 2281 breve
1107 2218 1224 2281 tandem

263 2304 338 2365 Risit
358 2304 516 2365 Echionius
534 2306 646 2366 iuvenis
670 2316 860 2385 tenerumque
885 2304 1019 2366 dolorem

265 2386 405 2468 Coniugis
426 2389 563 2469 amplexu
585 2390 713 2466 solatur,
738 2399 768 2449 et
787 2388 889 2450 oscula
911 2390 1032 2449 moestis

265 2473 450 2553 Tempestiva
475 2476 558 2551 genis
579 2475 677 2553 posuit
696 2475 891 2553 lacrimasque
913 2475 1072 2553 repressit:
1215 2484 1268 2539 355

326 2558 437 2619 ‘Solve
458 2568 553 2619 metus
574 2560 684 2636 animo,
706 2558 834 2635 dabitur,
857 2558 1050 2634 mihicrede,
1073 2567 1235 2621 merentum

266 2640 404 2703 consiliis
426 2643 581 2723 tranquilla
601 2642 682 2713 dies3
701 2653 731 2703 te
750 2643 855 2703 lortior
877 2644 958 2721 annis

264 2725 398 2788 Nondum
422 2746 490 2789 cura
512 2728 609 2789 decet.
654 2727 734 2789 Sciet
751 2728 826 2787 baec
846 2728 994 2789 Saturnius
1017 2726 1086 2787 olim

264 2810 336 2872 Fata
357 2828 479 2891 parens,
503 2814 665 2893 oculosque
689 2813 760 2893 polo
781 2813 925 2875 dimittere
948 2812 1068 2891 siquos

264 2895 375 2957 lustitia
397 2906 426 2957 et
449 2906 561 2957 rectum
581 2900 667 2957 terris
689 2898 850 2960 defendere
873 2906 963 2959 curat.
1216 2905 1271 2962 36⁰

265 2978 341 3040 Fors
363 2980 455 3043 aderit
476 2981 527 3041 lux
549 2981 599 3041 illa
620 2982 690 3059 tibi,
711 3000 767 3060 qua
788 2982 902 3043 moenia
925 2998 1030 3041 cernes

269 3062 409 3143 Coniugis
430 3074 460 3126 et
481 3066 611 3143 geminas
633 3066 688 3125 ibis
708 3068 811 3145 regina
831 3084 886 3145 per
906 3064 1017 3125 urbes)

330 3152 381 3209 Sic
402 3152 458 3226 ait,
482 3158 511 3209 et
534 3166 603 3209 caro
623 3152 727 3229 raptim
750 3168 783 3211 se
805 3150 902 3211 limine
924 3148 1047 3229 proiert.

267 3234 367 3310 Tydea
388 3236 445 3294 iam
463 3235 576 3294 socium
596 3236 727 3313 coeptis,
750 3235 806 3294 iam
825 3243 948 3313 pectore
971 3234 1029 3295 lido
1217 3290 1220 3297 .

265 3319 448 3396 Aequautem
470 3335 555 3378 curas
576 3352 619 3365 -
637 3327 732 3378 tantus
755 3327 823 3397 post
844 3319 937 3396 iurgia
955 3328 1068 3379 mentes
1215 3328 1269 3385 365
1340 3386 1341 3389 Ἴ

265 3404 365 3462 Viuxit
385 3420 466 3463 amor
487 3402 540 3462 -·!
563 3419 759 3481 socerumque
781 3403 884 3464 affatur
902 3403 991 3463 tristis
1014 3403 1180 3465 Adrastum.

265 3486 312 3549 Fit
332 3504 414 3548 mora
437 3487 578 3565 consilio,
603 3504 688 3567 quam
709 3487 798 3548 multa
819 3486 1001 3549 moventibus
1024 3506 1078 3549 una

264 3572 325 3633 lam
346 3573 445 3652 potior
464 3573 574 3632 cunctis
597 3572 673 3633 sedit
695 3572 855 3651 sententia,
878 3572 976 3633 fratris

265 3657 483 3736 Praetemptare
504 3656 591 3719 iidem
610 3666 748 3737 tutosque
767 3658 796 3717 in
814 3675 905 3737 regna
925 3654 1076 3738 precando
1185 3676 1190 3691 ·
