2842 4300
492 376 691 429 semermos
711 378 781 427 nm.
803 377 839 427 x.
1104 364 1168 427 225

166 536 305 597 Fulminis
326 533 402 595 haud
423 534 507 595 eitius
524 533 613 597 radiis
634 533 735 597 adflate
755 523 918 613 eupres'sns

167 619 317 681 Combibit
338 619 459 681 infestas
480 628 512 679 et
531 620 625 698 stirpe
647 628 677 679 et
695 617 967 695 testicationem,
1116 627 1167 685 675

167 706 261 780 Quam
281 704 393 765 iuvenis
414 703 505 765 multo
527 720 685 783 possessus
702 704 817 765 numine
835 711 939 783 pectus

164 788 270 851 Erexit
291 807 394 849 sensus
412 788 521 867 letique
542 788 647 849 invasit
668 806 807 849 umorem.

88 892 89 899 ¹
165 874 204 935 Ut
224 891 296 934 vero
320 892 442 935 aversae
464 891 657 951 gressumque
676 872 863 951 habitumque
884 874 1005 950 noterit,

164 958 203 1019 Et
224 959 349 1021 subitam
370 960 495 1019 a.terris
512 958 541 1017 in
560 956 658 1019 nubila
681 975 821 1019 erescere
841 956 952 1034 Mento,

166 1043 330 1123 Obstupuit.
374 1043 564 1121 ‘Sequimur,
586 1042 681 1103 diuum
704 1060 904 1122 quaecumque
926 1045 1050 1122 vocasti,
1115 1051 1168 1110 080

165 1127 231 1188 Νοο
250 1129 333 1189 tarde
355 1146 491 1207 paremus
499 1131 520 1203 ‚⁹
543 1128 596 1195 uit;
620 1127 792 1206 iamiamque
812 1126 959 1189 recedens

164 1212 322 1275 instantem
341 1213 422 1273 vello
444 1212 556 1287 Pylium
576 1220 671 1273 tumen
691 1212 793 1289 Agrea
812 1211 884 1273 fixit.

166 1298 311 1375 Armigeri
334 1298 443 1358 fessum
461 1298 625 1376 excipiunt;
648 1306 706 1357 tuns
727 1296 835 1374 uulgus
857 1305 973 1358 euntem

169 1383 328 1443 Auctorem
350 1382 432 1462 peois
453 1390 694 1460 servatoremque
714 1381 859 1460 deumqae

169 1464 339 1527 Conclamat
363 1466 495 1544 gaudens
514 1474 602 1545 atque
623 1466 739 1543 ignibus
758 1466 852 1545 inplet
871 1465 1013 1527 honestis.
1114 1474 1166 1531 &t

165 1551 285 1630 Iamque
306 1553 362 1612 iter
383 1552 420 1612 ad
441 1566 539 1613 muros
557 1568 643 1611 eursu
665 1550 788 1611 festinus
809 1550 917 1612 anhelo

166 1635 284 1697 Obtinet
307 1646 337 1696 et
357 1636 481 1696 miseros
502 1634 610 1713 gaudet
632 1636 742 1695 vitasse
764 1644 915 1714 parentes,

88 1780 89 1789 ,
166 1719 239 1781 Cum
257 1722 373 1798 genitor
385 1742 440 1789 -‹;
458 1728 658 1798 steteruntque
679 1719 766 1781 ambo
782 1729 813 1779 et
829 1737 889 1779 vox
904 1718 1166 1799 haesitaremque,

164 1805 367 1884 Deiectusque
388 1822 500 1882 genae;
522 1804 637 1865 tandem
659 1814 743 1882 pater
764 1813 830 1865 uate
852 1804 1000 1883 protatur:

231 1888 323 1964 ‘Quis
344 1907 437 1950 novus
459 1889 584 1967 inceptis
606 1890 701 1967 rapuit
719 1897 751 1947 te
770 1906 856 1950 casus
877 1887 915 1949 ab
936 1886 1044 1951 armis?
1115 1897 1168 1952 000

166 1974 249 2049 Quae
268 1974 349 2035 bello
366 1972 502 2051 graviora
523 1968 632 2052 paras?
651 1972 716 2049 dio,
736 1981 822 2049 nate,
841 1974 985 2051 precanti,

166 2058 226 2119 Cur
246 2058 299 2119 tibi
320 2068 404 2119 torva
426 2058 525 2134 acies,
550 2075 602 2117 cur
621 2056 670 2117 hie
690 2057 870 2119 truculentus
889 2058 918 2117 in
939 2075 994 2119 ore

166 2144 282 2220 Pallor,
305 2154 334 2204 et
353 2144 389 2204 ad
409 2143 520 2222 patrios
542 2159 600 2204 non
621 2150 697 2204 stant
718 2152 768 2204 tua
789 2142 895 2204 iumine
916 2140 1034 2206 vultus?

165 2229 281 2290 Audisti
301 2245 461 2308 response,
484 2227 580 2306 palam
601 2236 660 2296 est;
683 2245 738 2306 per
756 2244 815 2304 ego
839 2245 893 2289 oro
914 2237 1051 2308 tuosque,

124 2315 126 2318 ’
167 2312 260 2390 Nate,
278 2331 420 2392 meosque
442 2329 532 2374 annos
554 2312 741 2391 miseraeque
758 2330 814 2392 per
835 2312 926 2375 ubere
946 2315 1056 2390 matris,
1116 2323 1168 2378 005

165 2397 212 2458 Νο
233 2401 308 2474 uati,
331 2417 368 2458 ne
387 2397 494 2473 erede,
517 2414 600 2476 puer.
643 2398 789 2475 superine
809 2395 961 2476 protorum

165 2482 328 2560 Dignantur
350 2481 498 2542 stimulare
519 2499 637 2558 senem,
660 2482 707 2542 oui
728 2481 825 2542 vultus
845 2483 939 2544 inauris

167 2567 355 2646 Extinctique
376 2565 465 2627 orbes
488 2576 518 2628 et
535 2583 632 2646 poena
652 2566 796 2627 simillima
817 2566 881 2627 diro

167 2648 358 2732 Oedipodae?
379 2650 447 2730 qdid
470 2652 495 2712 si
514 2651 625 2712 insidiis
648 2660 679 2710 et
699 2650 801 2712 fraude
823 2651 929 2714 dolosa

167 2735 234 2796 Rex
256 2737 332 2814 agit,
355 2745 485 2797 extrema
505 2745 551 2796 est
573 2736 620 2796 eui
641 2743 743 2796 nostra
763 2736 792 2794 in
813 2745 897 2797 sorte
917 2738 1013 2798 timori
1118 2746 1170 2801 too

165 2819 311 2882 Nobilitas
334 2829 440 2900 tuaque
462 2829 529 2882 ante
551 2820 642 2882 duces
662 2820 812 2881 notissima
835 2818 949 2882 rirtnsi

165 2904 247 2966 lilius
266 2905 340 2968 haec
360 2905 460 2966 forsan
478 2919 591 2979 remur,
614 2922 689 2982 quae
708 2903 801 2964 verba
822 2904 943 2966 deorum

164 2989 220 3050 lile
242 2999 356 3058 monet:
380 3009 416 3050 ne
438 2989 521 3050 irene
542 2989 635 3050 animo
657 2989 793 3068 permitte
814 2989 930 3066 calenti,

163 3073 210 3134 Da
244 3077 367 3154 spatium
388 3084 563 3154 tenuemque
580 3090 705 3149 meram,
727 3073 805 3134 male
826 3085 930 3136 cuneta
948 3076 1089 3136 ministret
1178 3105 1181 3110 ·

100 3187 124 3197 ··
165 3159 300 3237 Inpetus;
323 3159 396 3235 hoc,
417 3175 487 3236 oro,
508 3177 609 3220 munus
629 3157 762 3218 concede
779 3160 902 3237 parenti.
1057 3191 1061 3222 ;
1117 3167 1168 3223 tot

166 3245 217 3304 Sie
239 3252 287 3304 tua
304 3244 421 3304 maturis
440 3245 590 3321 signentur
610 3251 743 3322 tempora
766 3245 856 3320 cunis,
1146 3248 1148 3253 ’

165 3327 206 3388 Et
235 3329 275 3388 sis
296 3329 360 3408 ipse
381 3346 487 3406 parens
510 3337 540 3390 et
560 3327 596 3390 ad
615 3327 708 3402 hune,
732 3329 878 3405 animose,
899 3327 1032 3390 timoren

164 3412 339 3480 Pervenias;
361 3431 399 3474 ne
421 3431 513 3491 perge
536 3429 619 3474 meos
642 3411 747 3474 orbare
767 3423 899 3491 penates.

165 3495 288 3558 Externi
310 3506 340 3558 te
361 3515 470 3576 nempe
485 3508 583 3577 patres
606 3497 759 3575 alienaque
779 3507 900 3576 tangunt

164 3573 312 3659 Pignora?
336 3583 361 3642 si
383 3582 557 3661 pudorem,
580 3584 700 3662 primum
724 3583 866 3644 miserere
893 3592 1015 3645 tuorum.
1122 3590 1174 3646 tro
1224 3586 1228 3593 '

164 3665 247 3727 Haeo
267 3667 378 3745 pietas,
397 3667 445 3728 hie
465 3685 552 3728 verus
574 3667 684 3744 honos,
707 3665 747 3728 ibi
765 3667 862 3744 gloria
882 3678 992 3730 tantum

210 3771 345 3813 srsurus
368 3771 403 3812 11.
967 3753 1004 3812 15
