2842 4300
501 396 701 447 summamus
729 396 800 447 me.
821 398 871 449 1x.
1125 386 1183 447 195

188 550 248 613 'ler
266 560 369 630 quater
389 552 534 633 oppositi,
556 562 690 635 quantum
709 554 752 614 ira
770 555 902 635 densque
922 552 1069 631 valebant,

187 636 294 716 Inpulit
314 654 487 715 assurgens:
510 639 625 699 tandem
643 640 768 716 uestigia
789 640 882 715 flexit,
1132 647 1184 704 400

188 721 411 799 Excussamque
431 740 516 783 manu
533 724 660 801 tegimen
678 740 882 803 conversaque
900 723 979 785 lente

188 806 286 884 Terga
306 806 412 875 relert;
433 808 541 868 instant
560 808 670 883 undae,
690 810 878 887 sequiturque
900 808 1045 869 labantem

187 892 289 951 Amnis
304 908 416 968 orans,
441 910 497 953 nec
518 910 576 951 non
597 894 677 953 saxis
697 902 727 953 et
747 894 888 971 grandine
908 892 980 953 ferri

187 976 325 1055 Desuper
346 976 482 1037 infestant
502 976 581 1053 Tyrii
603 979 779 1059 geminoque
799 978 947 1057 repellunt

188 1060 326 1138 Aggere;
351 1061 420 1141 quid
436 1062 524 1123 iaciat
545 1061 631 1123 bellis
654 1062 797 1124 obsessus
817 1072 847 1123 et
866 1059 971 1123 nudis?
1134 1074 1187 1128 490

188 1144 252 1207 Nec
273 1145 342 1223 iuga
363 1148 418 1207 iarn
437 1148 563 1224 misero,
585 1164 640 1207 uec
659 1165 783 1225 magnae
806 1148 890 1226 copia
911 1148 1022 1207 mortis.

253 1230 355 1291 Stabat
376 1233 542 1308 gramineae
563 1232 704 1311 producta
726 1233 876 1311 crepidine
897 1232 979 1310 ripae

188 1314 333 1377 Undarum
356 1334 391 1375 ac
413 1324 510 1377 terrae
532 1316 638 1392 dubio,
660 1317 714 1379 sed
736 1318 855 1377 amicior
875 1317 959 1377 undis

188 1400 330 1461 Fraxinus
352 1402 519 1480 ingentique
541 1401 646 1463 uadum
667 1402 842 1482 possederat
862 1400 971 1461 umbra.

187 1484 278 1545 Huius
296 1501 383 1565 opem
401 1518 444 1532 —-·
464 1503 528 1547 nam
548 1504 603 1565 qua
626 1496 721 1549 terras
742 1483 912 1547 invaderet?
930 1518 973 1532 -
992 1505 1065 1549 unca
1137 1496 1189 1552 005

187 1570 320 1649 Arripuit
342 1570 462 1645 dextra,
485 1589 541 1631 nec
561 1571 680 1650 pertulit
701 1571 753 1632 illa
774 1572 951 1637 trahentem:

189 1654 249 1715 Sed
272 1655 381 1715 maiore
403 1672 507 1734 snpra,
530 1674 614 1735 quarn
633 1655 730 1717 stabat
751 1656 882 1735 pondere
904 1658 981 1717 victa

188 1739 334 1815 Solvitur,
359 1749 388 1799 et
409 1756 465 1817 qua
487 1750 589 1819 stagna
610 1740 686 1803 subit
706 1741 807 1802 radice
828 1740 989 1819 quibusque

187 1824 329 1884 Arentem
349 1824 501 1885 mordebat
522 1825 652 1901 humum,
671 1826 797 1885 demissa
819 1843 945 1903 superne

186 1908 291 1969 Iniecit
311 1908 426 1987 trepido
446 1926 513 1970 sese
532 1911 698 1987 ripamque,
721 1928 777 1969 nec
796 1909 872 1969 ultra
1137 1922 1189 1973 500

187 1992 342 2053 Passurum
363 1992 475 2053 subitae
497 1994 616 2055 vallavit
634 2003 724 2073 ponte
746 1994 856 2053 ruinae.

187 2077 251 2137 lluc
273 2079 367 2140 nudae
390 2087 512 2156 coeunt,
535 2088 565 2139 et
585 2078 773 2139 ineluctabile
793 2095 916 2139 coenum

186 2163 415 2243 Vorticibusque
438 2167 517 2225 cavis
537 2165 627 2237 sedit,
651 2165 816 2242 crescitque
840 2161 1014 2223 barathrum.

186 2247 306 2326 lamque
327 2248 480 2324 humeros,
498 2250 553 2310 ianr
577 2249 655 2309 colla
677 2248 760 2309 ducis
777 2251 893 2308 sinuosa
914 2262 1028 2326 vorago

188 2331 313 2402 circuio
337 2333 385 2394 bio
404 2333 517 2394 demum
538 2335 631 2394 victus
654 2351 790 2412 suprema
811 2333 896 2394 lateri
1136 2344 1187 2395 505

187 2415 355 2478 Exclamat:
378 2417 554 2494 1111001000,
577 2417 681 2498 pudet!
704 2417 781 2480 blara
799 2418 915 2493 inclite,
935 2433 1053 2493 merges

188 2500 270 2562 Hauc
291 2500 436 2562 animam?
459 2521 626 2582 segnesque
648 2503 730 2564 lacus
753 2513 783 2564 et
801 2513 905 2580 stagna
927 2500 1031 2562 subibo

189 2584 253 2646 Gen
272 2587 390 2665 pecoris
412 2597 527 2664 custos,
552 2588 638 2650 subiti
656 2590 795 2648 torrentis
816 2589 922 2666 iniquis

187 2670 370 2749 Interceptus
389 2669 494 2752 aquis?
517 2673 630 2734 adeone
653 2673 830 2734 occumbere
851 2673 932 2733 ferro
1242 2732 1245 2742 ,

187 2754 254 2815 Non
275 2753 404 2816 meruil’
441 2757 568 2818 Tandem
589 2758 728 2836 precibus
750 2766 891 2818 commota
913 2757 1071 2819 Tonantem
1135 2768 1187 2823 510

187 2839 259 2900 1000
282 2839 374 2901 subit:
397 2841 548 2916 ‘Quonam
568 2843 709 2918 miseros,
736 2851 816 2902 sator
837 2841 934 2904 inclite
955 2843 1060 2919 divum,

186 2923 355 3000 Inachidas,
377 2943 499 3004 quonam
520 2943 613 3007 00000
636 2923 776 3006 premes?
797 2929 854 2988 iam
874 2927 970 2994 Pallas
991 2937 1021 2988 et
1043 2928 1105 2989 odit

188 3009 306 3086 Tydea,
329 3011 385 3071 ianr
406 3021 490 3091 rapto
512 3020 664 3072 tacuerunt
686 3029 797 3088 augure
818 3011 936 3090 Delphi.

188 3093 234 3154 lin
255 3112 336 3154 meus
353 3095 572 3175 Hippomedon,
594 3098 639 3156 oui
658 3098 755 3174 gentis
776 3098 863 3173 origo
880 3095 1022 3172 11000000

187 3179 378 3258 Argolicique
400 3181 497 3258 lares,
515 3197 678 3260 numenque
699 3189 766 3242 ante
787 3183 882 3242 omnia
903 3181 991 3257 luno,
1013 3215 1055 3227 -
1138 3195 1188 3247 515

188 3265 239 3324 Sic
262 3281 320 3340 ego
340 3263 395 3324 lida
416 3263 511 3326 meisi
532 3265 695 3344 -pelagi
718 3265 885 3327 crudelibus
905 3265 959 3326 ibit

188 3347 300 3408 Praeda
320 3346 415 3410 ieris?
435 3360 516 3412 certe
536 3349 660 3412 tumulos
682 3367 878 3430 supremaque
895 3351 980 3411 victis

188 3431 275 3492 anta
293 3431 397 3502 dabas;
421 3433 470 3495 ubi
491 3433 655 3514 Cecropiae
677 3443 747 3514 post
765 3434 880 3513 proelia
898 3433 1048 3498 dammae?

188 3515 320 3576 Theseos
341 3519 416 3595 ignia
434 3519 483 3580 ubi
504 3517 586 3582 estl⁷
627 3517 694 3580 Non
714 3520 826 3600 spernit
847 3521 979 3598 coniugis
999 3538 1108 3599 aequas

186 3599 242 3660 llle
264 3619 388 3679 preces,
412 3603 575 3685 leviterque
596 3604 700 3665 oculos
721 3605 758 3666 ad
779 3606 892 3666 moenia
913 3603 1013 3667 Cadmi
1137 3617 1190 3669 500

189 3682 325 3764 Rettulit,
350 3696 379 3748 et
400 3689 464 3753 viso
484 3689 622 3752 sederunt
643 3689 758 3752 flumina
779 3699 857 3774 null·
957 3774 1019 3835 13,
