2842 4300
519 400 721 451 umanooos
743 400 815 449 urs.
832 400 894 447 xn.
1147 383 1208 446 265

205 560 270 623 lloc
290 577 392 636 soror,
413 566 461 620 aut
482 574 589 619 saevos
607 558 720 619 mediae
737 559 889 617 veniemus
908 558 936 615 in
957 556 1065 634 ignes.9

270 646 328 705 Vix
349 664 399 720 ca,
420 662 505 723 quom
528 642 640 703 subitus
661 660 781 723 campos
801 652 913 702 tremor
934 642 1051 720 altaque
1073 651 1150 702 tecta

205 730 327 811 Inpulit,
351 731 517 809 adiuvitque
535 730 601 805 rogi
621 728 766 789 discordis
782 729 877 788 hiatus

206 815 245 877 Et
265 816 384 893 vigilum
404 814 518 875 turbata
537 815 637 892 quies,
661 814 766 892 quibus
787 815 853 892 ipse
874 812 1014 872 malorum

205 900 349 978 Fingebat
366 899 519 959 simulacra
542 915 648 977 sopor:
672 900 730 957 ruit
750 898 847 973 ilicet,
870 914 982 956 omnem
1156 907 1209 959 450

206 985 397 1064 Prospectum
419 984 545 1045 lustrans
567 992 673 1043 armata
694 983 830 1060 indagine
852 982 946 1041 miles.

205 1065 279 1131 Illos
300 1071 439 1130 instantes
462 1069 562 1128 senior
583 1070 664 1127 timet
683 1067 771 1133 unus:
795 1077 824 1127 at
844 1070 926 1145 ipsae

205 1154 282 1215 Ante
303 1172 424 1233 rogum,
447 1155 586 1232 saevique
605 1152 700 1231 palam
724 1155 875 1231 sprevisse
899 1151 1035 1212 Creontis

204 1239 330 1319 Imperia
350 1249 380 1299 et
400 1239 505 1299 lurtum
528 1238 608 1298 claro
631 1238 775 1315 plangore
797 1238 923 1297 fatentur

206 1326 355 1399 Securae,
377 1325 486 1403 quippe
508 1340 592 1382 omne
612 1322 711 1382 vident
731 1322 851 1382 duxisse
874 1322 1009 1381 cadaver.
1158 1331 1210 1383 455

205 1407 371 1486 Ambigitur
390 1426 479 1469 saeva
502 1407 539 1467 de
561 1400 671 1483 morte,
695 1408 883 1484 animosaque
907 1406 958 1465 leti

207 1496 283 1572 Spes
306 1494 389 1560 furit:
412 1492 486 1552 baec
507 1492 606 1551 fratris
629 1494 782 1571 rapuisse,
802 1492 877 1550 baec
900 1490 1033 1568 coniugis
1056 1498 1135 1549 artus

207 1577 391 1639 Contendunt
412 1576 585 1655 vicibusque
607 1575 742 1655 probant.
773 1574 857 1653 ‘Ego
882 1593 1008 1653 corpus,
1032 1592 1089 1653 ego
1112 1576 1209 1652 ignes,

205 1662 253 1723 Me
276 1664 386 1742 pietas,
406 1679 452 1720 me
476 1661 556 1722 duxit
576 1678 672 1727 amor:
697 1661 864 1739 deposcere
885 1678 974 1719 saeva

206 1748 357 1828 Supplicia
380 1756 409 1806 et
431 1746 549 1806 dextras
571 1746 648 1807 iuvat
666 1747 810 1805 insertare
831 1747 950 1806 catenis.
1158 1753 1212 1808 460

205 1831 352 1911 Nusquam
372 1828 422 1891 illa
445 1830 564 1890 alternis
586 1830 673 1891 modo
695 1848 770 1909 quae
791 1832 958 1891 reverentia
978 1829 1089 1905 verbis,
1188 1887 1193 1896 ,

206 1912 281 1977 lram
304 1916 458 1995 odiumque
481 1925 581 1994 putes;
601 1924 696 1975 tantus
718 1914 867 1975 discordat
886 1917 1030 1994 utrimque

206 1999 335 2077 Clamor,
358 2010 387 2060 et
408 2000 444 2060 ad
465 2016 583 2078 regem,
607 2000 654 2078 qui
677 2000 873 2077 deprendere,
896 1998 1055 2059 trabuntur.

253 2085 309 2159 ¹At
330 2084 435 2165 procul
457 2084 576 2145 Actaeis
598 2084 700 2145 dextra
720 2086 775 2144 iam
795 2084 915 2145 Pallade
935 2083 1024 2143 muris

205 2171 277 2233 Iuno
301 2171 470 2232 Phoroneas
493 2171 602 2231 inducit
622 2171 742 2250 praevia
762 2179 870 2230 matres
944 2227 947 2235 ,
1088 2240 1093 2250 ⁴
1159 2179 1211 2232 465

205 2257 370 2332 Attonitas,
391 2273 450 2315 non
468 2256 532 2335 ipsa
554 2255 664 2327 minus,
689 2264 863 2332 coetumque
882 2263 1047 2332 gementem

207 2339 353 2402 Conciliat
375 2339 493 2419 populis
517 2348 546 2399 et
568 2339 704 2399 llentibus
729 2339 809 2398 addit
829 2339 980 2399 honorem.

205 2425 274 2499 Ipsa
296 2444 381 2486 manu
402 2441 558 2504 ramosque
579 2425 682 2499 oleae,
701 2426 848 2502 vittasque
867 2434 1025 2502 precantes

207 2510 322 2585 Tradit,
347 2519 376 2570 et
398 2509 516 2570 obtenta
540 2508 710 2568 submittere
733 2508 837 2569 lumina
860 2509 937 2589 palla

206 2594 245 2656 Et
265 2595 417 2675 praeferre
439 2593 527 2654 docet
548 2613 656 2654 vacuas
679 2595 742 2652 sine
764 2592 895 2653 manibus
916 2612 1014 2653 urnas.
1161 2603 1213 2658 l'lb

208 2679 306 2740 Omnis
330 2689 359 2740 et
379 2679 501 2742 Actaeis
523 2679 615 2739 ellusa
637 2678 792 2758 penatibus
812 2687 894 2739 aetas
1162 2744 1170 2759 .

208 2763 298 2824 'lecta
320 2767 442 2844 viasque
460 2763 591 2844 replent;
614 2764 689 2823 unde
710 2763 768 2823 hoc
790 2759 933 2823 examen?
953 2773 983 2823 et
1002 2781 1058 2823 una

207 2849 264 2910 Tot
285 2847 431 2909 miserae?
454 2850 577 2909 necdum
601 2867 705 2909 causas
724 2865 835 2908 novere
855 2848 1007 2924 malorum,

206 2933 324 3012 lamque
346 2943 472 3010 gemunt.
516 2933 579 2994 Dea
603 2933 736 2993 conciliis
757 2951 791 2992 se
808 2935 911 2992 miscet
932 2935 1062 3011 utrisque

211 3016 321 3078 Cuncta
345 3020 472 3094 docens,
494 3037 549 3098 qua
572 3027 661 3098 gente
679 3027 771 3092 satae,
792 3036 867 3097 quae
882 3019 985 3080 lbnera
1001 3019 1139 3098 plangant
1160 3025 1212 3081 475

209 3103 324 3178 Quidve
347 3113 459 3182 petant:
484 3105 572 3164 variis
591 3121 646 3164 nec
665 3119 723 3162 non
745 3103 879 3162 allatibus
902 3105 985 3183 ipsae

209 3187 340 3266 Ogygias
363 3188 448 3266 leges
469 3190 736 3266 inmansuetumque
759 3184 885 3247 Creonta
1146 3225 1160 3258 0

207 3273 326 3334 blultrrm
350 3281 379 3332 et
401 3273 508 3352 ubique
530 3273 662 3332 fremunt.
709 3271 829 3332 Geticae
850 3291 908 3332 nou
931 3273 1014 3351 plura
1034 3282 1192 3352 queruntur

207 3356 378 3436 Hospitibus
399 3360 485 3418 tectis
506 3367 607 3418 trunco
631 3375 767 3417 sermone
786 3357 935 3434 volucres,

208 3441 301 3516 Quum
326 3441 458 3520 duplices
478 3441 619 3502 thalamos
643 3451 672 3501 et
693 3443 819 3522 iniquum
842 3441 938 3502 Terea
961 3442 1094 3502 clamant.
1160 3450 1213 3504 480

267 3524 347 3586 Urbe
370 3527 423 3586 fuit
443 3527 537 3587 media
558 3527 629 3587 nulli
649 3543 792 3586 concessa
815 3535 965 3606 potentum

205 3611 266 3671 Ara
289 3611 390 3686 deum,
414 3612 489 3672 mitis
507 3613 604 3690 posuit
626 3609 787 3671 Clementia
808 3612 920 3686 sedem,

205 3695 244 3756 Et
265 3697 363 3757 miseri
386 3696 488 3756 iecere
507 3713 635 3765 sacram:
662 3699 725 3755 sine
744 3697 880 3775 supplice
899 3713 1052 3775 numquam
