2842 4300
449 385 650 435 unnnmnos
677 386 750 435 mn.
781 386 858 435 vm.
1098 374 1154 439 181

155 544 257 620 Qualis
279 542 316 605 ab
336 542 465 605 Arcadio
484 542 572 604 rediit
592 541 757 619 Tirynthius
780 551 865 603 antro
1108 552 1162 609 750

155 628 365 711 Captivumque
388 646 470 689 suem
491 628 679 689 clamantibus
702 627 797 688 intulit
818 627 918 705 Argis.

218 713 348 792 Erigitur
370 712 487 789 Tydeus
508 713 648 792 vultuque
670 714 817 788 occurrit,
837 722 868 773 et
886 730 985 774 amens

154 799 336 879 Laetitiaqne
358 799 476 877 iraque,
497 806 528 859 ut
550 798 735 875 singultantia
754 798 827 858 vidit

157 883 217 945 Ora
236 884 370 964 trahique
393 882 497 943 oculos
520 900 647 962 seseque
669 884 788 961 agnovit
808 882 838 941 in
859 880 923 957 illo,

156 967 282 1049 Imperat
300 968 444 1029 abscisum
464 969 567 1047 pergi,
586 968 729 1046 laevaque
747 975 899 1045 receptum
1106 977 1159 1031 755

158 1056 279 1134 Spectat
300 1062 384 1114 atrox
406 1052 514 1113 hostile
536 1062 623 1132 caput
643 1052 801 1131 gliscitque
821 1051 951 1129 tepentis

156 1138 274 1199 Lumina
293 1147 376 1198 torva
397 1136 500 1197 videns
523 1147 553 1199 et
575 1137 668 1199 adhuc
691 1136 848 1197 dubitantia
869 1134 930 1213 ligi.

218 1222 324 1283 hialin
343 1230 496 1283 contentus
508 1226 591 1291 'crat;
614 1222 681 1302 plus
703 1222 796 1300 exigit
817 1219 904 1280 ultrix

159 1308 334 1387 Tisiphone;
356 1308 470 1385 iamque
492 1307 600 1369 inflexo
624 1306 751 1368 Tritonia
774 1314 858 1383 patre

157 1393 289 1454 Venerat
310 1401 340 1452 et
361 1393 469 1451 misero
491 1392 582 1453 decus
601 1392 754 1452 inmortale
772 1389 899 1463 ferebat,
1109 1396 1161 1453 760

157 1478 257 1558 Atque
279 1478 359 1539 illurn
382 1476 494 1537 effracti
516 1477 667 1555 perfusum
686 1476 755 1537 tabe
775 1472 894 1535 cerebri

157 1563 294 1642 Adspicit
314 1571 344 1623 et
365 1562 432 1621 vivo
454 1562 651 1623 scelerantem
670 1561 813 1638 sanguine
833 1558 946 1621 lauces.

156 1646 223 1708 Nec
246 1648 368 1707 comites
390 1645 506 1707 auferre
527 1646 641 1713 valont;
665 1648 746 1705 stetit
764 1661 871 1722 aspera
894 1642 993 1720 Gorgo

159 1730 294 1793 Crinibus
316 1731 445 1805 emissis,
466 1733 599 1811 rectique
621 1739 688 1791 ante
710 1748 764 1791 ora
784 1736 919 1791 cerastae

157 1817 307 1878 Velavcre
328 1816 426 1885 (laam
448 1815 522 1893 fugit
541 1824 675 1875 aversata
697 1816 852 1888 iacentem,
1109 1822 1160 1879 76⁶

157 1900 224 1963 Nec
245 1903 325 1982 prins
347 1910 424 1961 astra
445 1898 537 1975 subit,
558 1918 643 1979 marn
663 1899 787 1975 mystica
808 1897 938 1976 lampas,
963 1898 992 1957 in
1012 1898 1111 1959 insons

158 1985 275 2047 Elissos
295 1986 384 2047 multa
404 1986 539 2063 purgavit
560 1984 665 2046 lunius
687 1982 814 2062 lymplra.
