2842 4300
223 305 281 367 tao
557 316 588 365 a.
609 316 743 365 rurrurr
764 316 880 365 suanm

221 476 308 535 ‘Vive
331 482 499 553 superstes,
523 474 577 548 ait,
599 472 739 551 diraeque
760 473 797 535 ad
815 474 929 533 moenia
949 471 1068 535 Thebes

220 560 308 621 Solus
330 557 392 635 abi,
414 560 537 619 miseros
560 574 617 617 uun
635 558 796 636 decepture
818 568 964 637 parentes.

219 645 257 704 Di
278 644 370 718 bene,
399 643 477 721 quod
498 660 610 721 pugnas
629 642 763 721 rapidum
779 642 889 703 deiecit
908 644 938 703 iu
958 660 1072 703 amnem
1117 678 1122 686 ·

221 730 384 806 sanguinea
405 727 526 787 Bellona
547 744 648 801 manu3
674 727 761 787 trahit
782 727 857 787 unda
877 729 1013 787 timentes

222 814 341 891 Gurgite
361 812 480 889 gentili,
502 812 577 872 nuda
598 830 654 871 nec
675 811 782 871 debilis
803 812 903 873 umbra

221 896 361 958 Stridebit
381 906 498 957 vestros
521 896 638 971 Tydeus
660 896 821 957 inhumatus
841 897 879 958 ad
899 898 993 974 ignes.

220 982 302 1043 Ibitis
322 982 480 1060 aequoreis
498 980 627 1043 crudelia
649 980 757 1059 pabula
777 983 924 1055 monstris,

219 1067 303 1128 lllum
325 1075 402 1127 terra
423 1066 504 1125 vehit
524 1084 634 1143 suaque
655 1067 684 1125 in
703 1066 860 1144 primordia
880 1065 992 1125 solvit!

284 1153 333 1211 Sic
353 1152 458 1230 premit
480 1150 621 1211 adversos
644 1158 673 1209 et
695 1149 816 1211 acerbat
836 1150 956 1211 vulnera
978 1150 1073 1211 dictis.

220 1238 265 1297 hc
283 1254 357 1295 nune
378 1254 448 1297 ense
468 1236 553 1311 furit,
576 1253 651 1321 uupc
671 1235 733 1295 tela
752 1237 877 1295 natantia
897 1245 1015 1313 raptans

220 1323 343 1399 Ingerit,
366 1321 503 1399 innuptae
523 1322 659 1381 comitem
680 1319 820 1380 Therona
832 1320 956 1395 Dianae,

220 1406 444 1485 Ruricolamque
467 1402 549 1481 Gyan
569 1424 632 1465 oum
654 1404 810 1481 fluctivago
831 1403 954 1481 Ergino,

219 1492 424 1567 lutonsumque
447 1488 561 1551 Hersen
583 1498 872 1568 contemptoremque
891 1488 1029 1567 profundi

222 1574 364 1650 Crethea,
387 1574 546 1636 nimbosam
568 1575 617 1652 qui
639 1592 730 1652 saepe
751 1572 922 1652 Caphareos
940 1591 1037 1633 arcem

219 1659 427 1738 Euboicasque
448 1658 560 1719 hiemes
580 1676 669 1738 parva
690 1658 886 1735 transfugerat
906 1658 983 1719 alno.

221 1744 297 1818 Quid
319 1761 377 1803 nou
395 1743 453 1803 fata
476 1740 601 1821 queant?
627 1744 767 1803 traiectus
787 1753 910 1822 pectora
930 1743 1012 1803 ferro

219 1829 353 1888 Volvitur
375 1830 403 1887 in
425 1828 544 1904 lluctus,
567 1828 624 1889 hen
647 1830 729 1889 cuius
747 1828 904 1905 naufragus
925 1826 1035 1892 undae!

284 1912 326 1973 'le
350 1931 467 1992 quoque
487 1912 601 1973 sublimi
622 1922 817 1973 transnantem
839 1913 952 1973 lluminn
974 1930 1070 1988 curru,

219 2000 293 2059 Dum
315 2000 429 2073 socios,
451 1996 605 2073 Pharsalo,
628 2000 722 2077 petis,
742 1998 893 2076 resupinat
913 1996 1055 2075 ademptis

219 2084 327 2143 Dorica
353 2084 451 2162 cuspis
474 2084 573 2162 equis;
595 2082 663 2143 illos
682 2082 823 2143 violentia
841 2083 923 2143 saevi

221 2169 347 2246 Gurgitis
370 2168 529 2246 infelixque
548 2169 608 2245 iugi
628 2169 785 2229 concordia
805 2169 922 2246 mergit.

283 2252 365 2312 Nunc
384 2270 457 2329 age,
481 2253 545 2330 quis
562 2253 676 2314 tumidis
689 2271 822 2331 magnum
837 2253 1048 2331 expugnaverit
1063 2254 1148 2314 nudis
1167 2263 1221 2316 315

218 2337 449 2417 Hippomedonta
471 2336 570 2412 labor,
593 2356 644 2396 cur
666 2339 732 2416 ipse
755 2341 869 2400 excitus
888 2338 919 2396 iu
939 2355 1017 2398 arma

219 2423 368 2496 Ismenos,
391 2421 496 2480 doctae
516 2438 605 2481 nosse
626 2423 776 2500 indulgete
796 2440 932 2482 sorores:

218 2508 353 2566 Vestrum
376 2522 450 2582 opus
471 2506 514 2564 ire
534 2515 613 2566 retro
637 2515 667 2566 et
686 2509 797 2566 senium
818 2506 980 2568 defendere
997 2504 1099 2567 lamae.
1122 2549 1126 2558 .

220 2590 369 2652 Gaudebat
390 2589 488 2650 Fauno
510 2591 694 2671 nymphaque
716 2591 859 2652 Ismenide
881 2600 964 2651 uatus

218 2675 356 2736 Maternis
378 2675 490 2736 bellare
512 2686 595 2738 tener
618 2673 767 2738 Crenaeus
786 2678 815 2736 in
834 2676 929 2751 undis,
1165 2686 1221 2740 320
1325 2649 1326 2729 l

220 2760 384 2836 Crenaeus,
407 2762 453 2820 cui
475 2762 566 2839 prima
588 2760 700 2822 diesin
721 2763 837 2839 gurgite
859 2761 930 2821 lido-

217 2844 256 2905 Et
276 2845 372 2905 natale
394 2845 498 2905 vadum
521 2855 550 2904 et
569 2846 677 2906 virides
702 2845 843 2907 cunabula
861 2847 954 2924 ripae.
997 2864 1001 2871 ’

217 2929 299 3006 Ergo
321 2938 399 2989 ratus
422 2929 490 2989 nihil
510 2929 627 3006 Elysias
647 2930 687 2990 ibi
708 2948 799 3010 posse
819 2947 950 3006 sorores,

216 3013 322 3074 Laetus
344 3012 506 3074 adulantem
523 3033 598 3074 nunc
620 3014 677 3078 hoc
699 3035 774 3077 nunc
791 3017 920 3094 margine
942 3015 1049 3078 abillo

219 3098 335 3158 Transit
351 3116 450 3175 avum,
475 3098 554 3160 levat
575 3100 650 3160 unda
670 3101 795 3178 gradus,
815 3119 868 3160 seu
887 3101 1000 3162 defluus
1022 3100 1084 3173 ille,
1165 3108 1220 3162 325

217 3185 287 3244 Sive
310 3182 444 3261 obliquus
467 3193 530 3260 eat,
555 3203 612 3244 nec
631 3203 718 3263 quum
737 3186 814 3246 subit
835 3185 955 3261 obrius,
978 3185 1052 3244 ullas

218 3272 327 3345 Stagna
347 3267 457 3328 dedere
478 3287 591 3346 moras,
614 3271 781 3350 pariterque
800 3272 957 3330 revertitur
977 3270 1076 3330 amnis.

217 3353 283 3413 Nou
305 3352 480 3414 Anthedonii
500 3355 574 3432 tegit
594 3353 718 3433 hospitis
740 3358 856 3432 inguina
881 3365 986 3433 pontus

217 3438 370 3514 Blandior,
394 3439 504 3498 aestivo
525 3457 581 3500 nec
603 3458 636 3498 se
657 3443 750 3518 magis
771 3457 902 3519 aequore
923 3439 1023 3500 Triton

216 3523 335 3600 Exerit,
358 3530 405 3582 aut
427 3541 512 3584 carae
533 3523 655 3584 festinus
678 3525 716 3584 ad
733 3525 836 3585 oscula
856 3527 956 3584 matris
1163 3533 1220 3588 3³0

218 3607 311 3680 Quum
332 3617 443 3669 remeat
463 3609 631 3688 tardumque
654 3609 722 3670 ierit
743 3607 881 3688 delphina
903 3609 1067 3671 Palaemon.
1103 3639 1108 3644 ·
