2842 4300
494 374 694 428 smarnos
713 375 783 428 nte,
803 375 850 425 VI.
1118 363 1180 427 137

179 530 312 595 Tandem
333 540 436 613 peetus
458 530 545 597 humi·
557 546 739 613 pronamque
758 514 900 597 emensus
916 532 946 596 in
964 533 1061 597 ulrum

179 618 340 695 Sternitur,
364 635 399 679 ac
419 618 509 695 longo
531 626 661 681 moestus
681 625 751 697 post
771 627 905 698 ternpore
921 619 1024 697 mugit,

180 702 291 783 Turpia
315 704 428 781 signata
450 702 583 782 linquens
603 702 730 781 vestigia
748 711 838 763 terra.

246 786 372 848 Palmam
393 796 488 847 autem
510 786 614 849 dextra
636 786 780 867 laevaque
801 788 921 850 nitentia
938 787 1016 856 deno
1125 798 1179 856 sos

180 871 271 933 Arma
292 872 393 933 ferens
414 871 547 949 Tydeus:
570 870 666 945 ‘Quid
687 872 713 933 si
728 888 791 936 non
811 872 959 951 sauguinis
978 872 1065 935 huius

179 956 297 1019 Partem
318 956 394 1017 haud
416 957 565 1035 exiguam,
588 956 685 1032 saitis,
706 955 852 1019 Ilhcaeus
871 956 997 1019 haberet

180 1038 330 1121 Campus?
352 1040 401 1101 uhi
420 1041 476 1103 hae
499 1058 593 1121 nuper
614 1039 780 1107 Thebarum
799 1042 924 1107 foedera
943 1040 1085 1122 plegael’·

79 1194 81 1215 ὴ
178 1124 262 1187 llaec
285 1123 368 1187 simul
388 1135 537 1187 ostentans
556 1126 746 1206 quaesitaque
766 1127 895 1207 praemia
916 1127 1031 1189 laudum

179 1208 239 1271 Dat
258 1212 363 1288 sociis,
386 1212 517 1291 sequitur
538 1210 692 1289 neglectus
714 1210 842 1290 Agyllea
862 1211 976 1273 thorax.
1130 1225 1183 1280 910

246 1295 318 1357 Sunt
337 1304 367 1357 et
389 1297 437 1375 qui
456 1294 533 1357 nudo
556 1293 679 1356 subeant
701 1314 879 1357 concurrere
900 1296 991 1357 ferro.

179 1380 299 1461 lamque
319 1380 438 1441 aderant
456 1380 587 1441 instructi
606 1380 692 1440 armis
714 1379 889 1460 Epidaurius
908 1380 1026 1460 Agreus

179 1463 219 1526 Et
240 1463 364 1525 nondum
385 1463 452 1525 latis
473 1463 616 1525 Dircaeus
635 1465 789 1543 agentibus
812 1465 891 1527 emil.

79 1592 80 1595 ,
179 1548 249 1611 Dux
269 1558 350 1610 vetat
371 1548 500 1610 Iasides:
522 1548 638 1609 ‘Manet
658 1551 761 1628 ingens
783 1551 870 1628 copia
890 1550 954 1626 leti,

79 1632 80 1709 j
181 1633 366 1695 Oiuvenes!
389 1642 506 1695 servate
527 1636 638 1695 animos
660 1634 833 1714 avidumque
853 1634 981 1696 furorem
1130 1648 1182 1704 915

79 1724 81 1781 i
180 1720 336 1797 Sanguinis
360 1719 487 1779 adversi.
533 1718 636 1799 Tuque
661 1736 696 1797 o,
720 1738 805 1799 quem
826 1729 950 1801 propter
970 1721 1046 1783 auita

79 1838 80 1885 3
179 1802 304 1882 Iugera,
328 1802 450 1864 dilectus
471 1804 516 1863 cui
538 1803 734 1864 desolavimus
754 1803 855 1882 urbes,

79 1914 80 1917 ¹
179 1886 243 1966 Ne,
265 1904 390 1967 precor,
411 1896 478 1947 ante
499 1889 609 1963 aciem,
629 1888 675 1947 ius
696 1896 804 1949 tantum
826 1888 943 1949 nasibus
964 1907 1043 1967 esse,
1142 1901 1144 1903 ·

179 1972 387 2052 Fratemisque
411 1973 505 2050 sinas,
528 1971 646 2049 abigant
667 1971 726 2033 hoc
743 1972 873 2034 numina!
897 1973 997 2033 votis)

245 2058 295 2119 Sic
317 2059 373 2134 ait,
394 2065 482 2137 atque
505 2054 606 2117 ambos
626 2060 726 2119 aurata
746 2057 863 2118 casside
883 2057 963 2119 ditat.
1127 2068 1180 2125 ono

79 2132 81 2198 l
182 2141 264 2204 Tunc
282 2160 413 2222 genero,
436 2161 473 2202 ne
495 2140 589 2202 laudis
610 2159 720 2220 egeus,
741 2140 823 2203 iuhet
841 2141 930 2204 ardua
953 2144 1031 2205 necti

79 3281 82 3388 Ι
179 3411 301 3472 Venturi
323 3411 465 3490 promissa
486 3411 575 3472 tides:
598 3412 641 3471 sio
662 3412 757 3472 omina
778 3429 877 3472 casum

79 3499 98 3580 ,a
180 3494 330 3571 Fecimus,
354 3503 385 3554 et
404 3496 482 3554 vires
503 3495 583 3556 auxit
603 3494 730 3556 Fortuna
748 3496 884 3556 nocendi.

242 3577 381 3658 Campum
401 3597 518 3640 emensa
538 3579 622 3640 brevi
642 3580 739 3641 fatalis
759 3579 795 3641 ab
819 3579 927 3642 arhore
948 3591 1035 3658 tacta,

79 3751 80 3754 Ἴ
179 3662 359 3725 horrendum
380 3665 459 3743 visu,
480 3681 534 3745 per
555 3683 628 3746 quas
648 3665 736 3727 modo
754 3665 871 3744 ingerat
890 3683 986 3745 auras,

181 2227 328 2308 Tempora
349 2227 570 2306 Thebarumque
589 2228 698 2304 ingenti
715 2243 793 2288 voce
818 2228 900 2289 citari

179 2312 340 2374 Victorem.
382 2311 471 2372 Dirae
493 2311 656 2372 retinebant
677 2311 772 2372 omina
790 2311 912 2374 Parcae.

244 2397 342 2478 lpsum
363 2397 448 2457 otiam
468 2397 589 2476 proprio
605 2397 763 2458 certamina
780 2397 856 2459 festa
875 2395 977 2458 lahore

180 2481 302 2560 Dignari
324 2491 353 2542 et
373 2480 482 2542 tumulo
505 2499 671 2560 supremum
691 2481 767 2543 hunc
788 2482 899 2543 addere
916 2480 1069 2560 honorem,
1126 2492 1178 2548 925

180 2566 338 2628 llortantur
358 2583 517 2645 proceres;
539 2583 591 2643 ae,
613 2584 650 2626 ne
669 2566 792 2628 victoria
814 2567 891 2628 desit

180 2651 244 2712 Una
266 2650 369 2712 ducum
390 2668 526 2728 numero,
550 2650 651 2712 fundat
667 2651 718 2712 vel
740 2649 828 2727 Lycia
850 2667 940 2711 cornu

180 2735 253 2796 Tela
272 2743 393 2812 rogant,
414 2737 493 2795 tenui
514 2734 564 2795 vel
584 2734 681 2796 nubila
702 2744 831 2796 transeat
849 2735 943 2796 hasta.

244 2819 422 2898 Obsequitur
443 2819 587 2898 gaudens,
609 2819 753 2898 viridique
775 2837 813 2880 ex
833 2837 946 2898 aggere
963 2819 992 2880 in
1012 2837 1135 2902 aequum

180 2906 309 2984 stipatus
328 2905 443 2964 summis
465 2906 598 2964 iuvenum
620 2903 785 2973 descendit;
808 2904 899 2965 atilli
1125 2915 1179 2971 930

179 2989 260 3051 Pone
284 2988 367 3049 leves
388 2997 485 3068 portat
506 2988 659 3069 pharetras
682 2997 843 3050 et'cornua
863 2990 960 3050 iussus

178 3073 331 3151 Armiger,
353 3073 501 3150 ingentem
522 3073 599 3134 iactu
616 3074 811 3134 transmittere
833 3075 942 3134 circum

179 3157 299 3220 Emiuus
321 3166 351 3216 et
372 3158 466 3218 dictae
489 3157 558 3218 dare
575 3157 696 3218 vulnera
718 3157 843 3218 destinat
863 3175 966 3218 omos

245 3240 317 3316 Quis
336 3241 428 3324 lluere
450 3242 572 3302 occultis
592 3259 689 3302 rerum
710 3252 801 3320 neget
820 3244 915 3303 omina
937 3243 1056 3306 causis?

179 3325 251 3388 Fata
274 3335 374 3405 pateat
394 3325 518 3402 homiui,
542 3327 623 3406 piget
644 3327 805 3403 inservare,
828 3329 963 3407 peritque
1124 3339 1177 3394 935
