2842 4300
239 332 302 395 262
577 345 609 393 a.
630 344 764 393 asumu
785 342 902 393 sessu

241 498 412 578 Antigone?
434 499 502 561 mibi
522 518 628 579 nempe
649 500 748 575 iaces,
769 499 838 559 mibi
857 499 954 559 victus
975 516 1010 560 es
1037 499 1099 561 uui.

240 586 400 659 Dicebam,
423 602 481 665 quo
502 584 597 645 tendis
615 580 693 645 iter?
717 584 785 662 quid
807 593 926 663 sceptra
943 594 1053 661 negata

240 668 365 734 l’osois‘l
386 669 479 731 habes
500 668 617 747 Argos,
640 671 738 729 soceri
756 668 895 746 regnabis
916 668 945 727 iu
965 668 1046 734 aula:

240 756 296 817 llic
318 756 369 817 tibi
392 755 497 833 longus
519 754 630 831 honos,
653 753 700 813 bic
722 754 845 829 indivisa
867 762 1011 832 potestas.
1223 763 1276 818 335

243 842 319 915 Quid
340 836 471 919 queror?
492 841 557 919 ipsu
579 838 646 899 dedi
666 838 775 899 bellum
793 847 996 917 moestumque
1018 841 1131 916 rogavi

241 926 310 1005 lpsa
333 935 461 1004 patrem,
484 933 515 984 ut
533 923 621 984 talem
642 932 765 983 nancte
784 922 941 1001 complexa
959 932 1106 982 tenerem.

244 1011 304 1071 Sed
327 1009 403 1070 benc
426 1008 525 1085 habet,
548 1010 664 1089 superi,
687 1017 800 1087 gratum
823 1015 880 1083 est,
902 1005 1044 1074 Fortuua;
1068 1017 1209 1087 peracta
1230 1018 1275 1067 est

243 1098 320 1174 Spes
340 1096 497 1172 longinqua
519 1094 600 1153 viae:
622 1102 701 1153 totos
723 1093 883 1152 invenimus
903 1102 993 1152 artus.

242 1180 298 1241 llei
320 1180 402 1254 milri,
422 1178 476 1238 sed
499 1187 606 1257 quanto
629 1175 782 1239 descendit
800 1177 905 1237 vulnus
925 1174 1021 1236 hiatu!
1220 1187 1275 1241 340

245 1267 311 1326 lloc
333 1260 446 1325 irater?
468 1280 525 1340 qua
546 1272 647 1341 parte,
670 1280 796 1343 precor,
818 1262 895 1321 iacet
916 1260 969 1323 ille
991 1262 1143 1322 uelandus

244 1346 424 1411 Praedator?
447 1348 559 1407 vincam
578 1348 734 1423 volucres,
754 1348 792 1405 sit
811 1344 891 1406 adire
913 1355 1057 1425 potestas,

244 1434 466 1511 Excludamque
488 1432 582 1498 ieras:
608 1450 643 1491 sn
665 1430 755 1491 babet
772 1431 905 1491 funestus
925 1440 956 1491 et
977 1429 1087 1507 ignes?

245 1518 305 1581 Sed
327 1537 382 1579 nec
405 1527 435 1577 te
458 1516 579 1576 llammis
595 1518 715 1595 inopem
733 1524 782 1576 tua
801 1524 879 1575 terra
899 1514 1025 1574 ridebit:

246 1602 374 1663 Ardebis
391 1602 585 1679 lacrimasque
605 1600 701 1675 leres,
719 1618 791 1679 quas
810 1600 891 1660 lerre
909 1608 1047 1677 negatum
1220 1612 1272 1665 345

245 1687 397 1765 Regibus,
419 1695 627 1764 aeternumque
650 1694 699 1745 tuo
722 1684 859 1744 famulata
881 1683 1021 1762 sepulcro

245 1771 369 1834 Donabit
391 1769 509 1831 deserta
531 1768 621 1846 lides,
644 1770 788 1847 testisque
808 1768 942 1828 dolorum

245 1857 337 1918 Natus
359 1856 431 1930 erit,
450 1856 601 1933 parvoque
621 1862 714 1915 torum
735 1852 875 1928 Polynice
895 1852 1029 1915 fovebo?

310 1940 392 2001 Ecce
413 1940 487 2000 ulios
509 1942 635 2016 gemitus
656 1938 799 2016 aliamque
820 1937 856 1997 ad
879 1937 963 1997 busta
982 1937 1101 1999 terebat

246 2027 394 2103 Antigone
415 2024 578 2085 miseranda
596 2023 709 2098 lacem,
732 2023 782 2083 rix
802 2032 887 2083 nacta
909 2024 1018 2101 petitos
1214 2034 1266 2089 350

245 2110 400 2172 Moenibus
419 2126 576 2187 egressus:
598 2107 677 2169 illam
699 2125 763 2167 uum
785 2116 920 2186 tempore
938 2109 966 2168 iu
988 2109 1065 2168 omni

246 2196 407 2257 Attendunt
426 2194 533 2272 vigiles
556 2202 586 2254 et
606 2212 661 2254 rex
681 2191 762 2252 iubet
783 2194 849 2270 ipse
870 2194 975 2266 timeri,

247 2281 483 2358 Contractaeque
504 2279 587 2338 vices
611 2287 640 2338 et
663 2276 796 2338 crebrior
817 2277 945 2337 excubat
963 2278 1048 2354 ignis.

246 2365 328 2442 Ergo
345 2365 408 2424 deis
427 2364 568 2441 fratrique
586 2381 683 2422 moras
706 2371 830 2422 excusat
851 2371 881 2420 et
900 2380 1010 2436 amens,

248 2450 287 2511 Ut
308 2450 424 2527 paulurn
445 2449 563 2508 inmisso
588 2449 678 2508 cessit
699 2446 786 2506 statio
809 2444 927 2506 horrida
946 2462 1060 2522 somuo,
1217 2464 1266 2518 355

247 2533 380 2612 Erumpit
397 2534 501 2600 muris;
521 2532 636 2592 fremitu
659 2547 717 2610 quo
738 2532 851 2590 territat
873 2548 962 2607 agros

248 2619 377 2696 Virginis
396 2618 438 2681 ira
456 2617 521 2678 leae
542 2617 658 2691 rabies,
683 2614 729 2676 cui
751 2612 845 2675 libera
864 2615 979 2675 tandem

248 2705 287 2766 Et
305 2705 414 2782 primus
435 2703 497 2762 sine
519 2711 611 2762 matre
632 2699 714 2762 furor
722 2721 729 2768 ;
753 2717 808 2759 nec
830 2699 919 2776 longa
937 2709 1046 2760 morata
1068 2711 1129 2776 est,

249 2790 366 2867 Quippe
388 2797 500 2848 trucem
519 2805 651 2864 campum
672 2794 701 2844 et
724 2786 837 2862 positus
860 2801 918 2862 quo
938 2783 1061 2862 pulvere
1083 2787 1192 2866 irater,

248 2874 394 2940 Noverat;
418 2881 506 2950 atque
527 2871 605 2930 illam
628 2879 730 2930 contra
751 2869 832 2929 videt
854 2870 897 2928 ire
919 2867 1086 2946 Menoetes,
1211 2887 1262 2942 360

252 2957 305 3018 Cui
326 2965 427 3031 vacat,
451 2964 480 3014 et
503 2973 588 3016 carae
611 2955 736 3032 gemitus
759 2955 922 3032 compescit
942 2953 1085 3014 alumnae.

314 3039 408 3114 Quum
429 3050 525 3100 tamen
546 3049 662 3100 erectas
686 3047 835 3098 extremus
856 3039 976 3116 virginis
997 3056 1085 3100 aures

250 3125 389 3186 Accessit
410 3142 516 3200 sonus,
536 3134 626 3204 utque
650 3132 711 3183 atra
733 3123 787 3182 sub
807 3132 893 3183 veste
916 3124 1065 3202 comisque

251 3209 440 3290 squalentem
460 3218 488 3270 et
512 3227 612 3270 crasso
635 3208 783 3268 foedatam
805 3208 945 3284 sauguine
963 3208 1060 3268 vultus

251 3297 406 3354 Astrorum
425 3295 513 3354 radiis
536 3303 565 3354 et
585 3304 707 3371 utraque
729 3311 745 3352 a
766 3291 899 3371 lampade
921 3291 1006 3351 vidit:
1206 3309 1253 3364 355

253 3377 371 3454 ‘Cuius,
394 3379 448 3454 ait,
468 3397 585 3454 manes,
608 3387 656 3438 aut
681 3396 768 3456 quem
787 3377 943 3436 temeraria
964 3381 1082 3455 quaeris

249 3463 347 3524 'Nocte
368 3461 473 3524 meai’
518 3463 596 3523 Nihil
618 3463 667 3522 illa
689 3462 754 3538 diu,
776 3463 829 3522 sed
847 3463 877 3520 iu
898 3479 950 3521 ora
972 3465 1065 3522 mariti

251 3548 350 3608 Deicit
369 3551 456 3627 inque
475 3565 545 3606 suos
570 3549 681 3626 pariter
705 3545 847 3606 velamina
865 3546 972 3621 vultus,

254 3629 346 3711 Capta
364 3642 442 3694 metu
463 3631 558 3692 subito
579 3631 755 3711 paulumque
772 3629 871 3692 oblita
889 3630 1011 3692 doloris.
1060 3634 1063 3642 '
