2842 4300
487 363 688 414 smarnos
709 365 779 414 urs.
800 365 847 424 rr.
1093 405 1095 412 ,
1123 353 1161 417 81

171 520 300 580 Velleris
323 517 442 580 obscuri
462 521 595 600 pecudes
615 530 802 601 armentaque
825 520 888 582 sisti
1113 529 1165 584 4t5

168 604 243 666 Atra
263 612 379 680 mouet,
402 621 603 684 quaecumque
622 624 745 684 gregum
762 605 956 687 pulcherrima
975 607 1075 666 ceruix

168 688 305 758 Ducitur;
327 689 465 766 ingemuit
482 688 571 751 Dirce
592 700 782 769 moestusque
805 687 970 766 Cithaeron,

169 772 208 834 Et
227 791 302 834 nova
324 773 473 835 clamosae
491 783 630 853 stupuere
649 775 765 836 silentia
786 774 889 836 valles.

233 858 303 919 Tum
322 858 386 920 iera
408 859 553 920 caeruleis
574 861 677 920 iniexit
698 877 807 920 cornua
827 861 914 919 sertis

168 941 238 1022 lpse
259 961 343 1003 manu
364 951 507 1018 mactans,
529 952 676 1024 notaeque
696 945 726 1004 in
745 944 842 1004 limine
864 943 956 1004 silvae
1113 953 1165 1006 450

168 1026 314 1106 Principio
336 1026 436 1105 largos
457 1029 560 1088 novies
583 1029 690 1090 tellure
713 1037 814 1090 cavata

166 1110 290 1172 lncliuat
309 1111 417 1172 Bacchi
438 1111 542 1174 latices
564 1121 595 1172 et
614 1131 733 1174 munera
755 1113 836 1172 verni

167 1195 264 1258 Laetis
284 1205 314 1257 et
335 1195 465 1256 Actaeos
485 1196 594 1258 imbres
610 1198 788 1277 suadumque
808 1211 943 1256 cruorem

167 1279 314 1350 blauibus3
336 1281 503 1360 aggeritur,
524 1291 659 1361 quantum
677 1282 750 1342 bibit
768 1280 846 1342 arida
865 1279 963 1340 tellus.

232 1364 345 1425 Trunca
356 1365 461 1425 debinc
473 1384 591 1427 nemora
602 1366 742 1442 advolvit,
754 1373 942 1442 moestusque
953 1363 1094 1425 sacerdos
1112 1372 1164 1427 455

168 1449 243 1510 Tres
261 1449 390 1510 Hecatae
409 1451 588 1529 totidemque
607 1453 678 1512 satis
693 1451 862 1511 Acheronte
884 1448 998 1508 ueiasto

168 1533 335 1612 Virginibus
357 1533 437 1594 iubet
458 1554 528 1596 esse
546 1534 649 1605 iocos;
673 1535 741 1612 tibi,
765 1543 863 1596 rector
885 1532 1004 1608 Averni,

168 1618 347 1700 Quamquam
367 1618 494 1680 iniussus
514 1619 617 1697 humo,
642 1629 762 1699 superat
784 1628 879 1680 tamen
897 1635 990 1694 agger
1008 1619 1036 1677 iu
1057 1635 1141 1680 auras

167 1704 288 1773 Piueus;
309 1703 386 1764 bunc
407 1705 486 1765 iuxta
507 1704 621 1766 cumulo
641 1706 735 1766 minor
753 1721 803 1764 ara
825 1700 986 1782 profundae

166 1788 296 1866 Erigitur
315 1785 431 1858 Cereri3
454 1789 574 1850 iroudes
596 1798 684 1868 atque
704 1807 790 1850 omne
808 1804 964 1866 cupressus
1112 1793 1164 1849 460

167 1872 274 1934 lntexit
293 1872 407 1953 plorata
425 1873 509 1933 latus.
548 1873 666 1952 lamque
688 1874 777 1934 ardua
799 1871 879 1932 ierro

167 1958 281 2036 Signati
302 1958 416 2037 capita,
436 1966 467 2018 et
487 1958 600 2036 frugum
618 1956 753 2018 libamine
774 1955 848 2035 puro

167 2041 202 2103 ln
222 2042 326 2102 vulnus
348 2042 484 2104 cecidere
505 2060 632 2121 gregem
654 2051 721 2103 tunc
742 2038 846 2102 innuba
867 2037 963 2100 lllanto

165 2125 330 2207 Exceptum
349 2127 459 2208 pateris
479 2126 623 2207 praelibat
643 2127 830 2205 sauguinem,
853 2132 882 2185 ct
900 2140 999 2185 omues

166 2211 226 2273 'ler
247 2213 439 2286 circumacta
459 2230 547 2292 pyras
568 2214 662 2273 sancti
681 2212 719 2272 de
740 2228 822 2271 more
844 2208 972 2288 parentis
1110 2215 1160 2288 opt

167 2297 339 2359 Samiaeces
360 2296 448 2357 libras
469 2306 499 2357 et
517 2295 612 2357 adbuc
633 2296 770 2376 spirantia
791 2293 885 2355 reddit

166 2380 308 2459 Viscera,
328 2400 385 2442 nec
404 2382 522 2462 rapidas
540 2390 692 2443 cunctatur
709 2378 860 2441 iroudibus
881 2376 950 2439 atris

166 2465 340 2527 Subiectare
361 2466 454 2527 iaces.
492 2466 589 2546 Atque
611 2466 676 2546 ipse
699 2464 830 2526 sonantia
851 2460 970 2523 ilammis

165 2550 298 2629 Virgulta
321 2559 350 2610 et
371 2551 470 2611 tristes
492 2553 644 2630 crepuisse
661 2559 692 2610 ut
714 2550 805 2610 sensit
824 2562 948 2608 acervos

166 2634 313 2711 Tiresias,
334 2669 377 2681 -
399 2634 442 2694 illi
459 2652 524 2695 uam
542 2634 681 2713 plurimus
701 2634 789 2695 ardor
810 2630 927 2693 anhelat
1111 2633 1163 2689 oto

165 2719 243 2780 Ante
261 2738 370 2797 genas,
392 2718 543 2798 inpletque
564 2735 653 2779 cavos
674 2734 768 2797 uapor
789 2717 891 2794 igneus
911 2710 1000 2773 orbes
1020 2746 1062 2757 —-

164 2803 318 2867 Exclamat
340 2812 548 2863 -tremuere
570 2803 652 2881 rogi,
674 2810 704 2861 et
724 2818 783 2861 vox
804 2798 907 2879 iupulit
927 2797 1025 2874 ignem
1047 2818 1102 2855 —z

231 2887 409 2949 ‘Tartareae
428 2888 517 2949 sedes
535 2896 565 2947 et
582 2885 763 2947 formidabile
785 2901 906 2963 regnum

164 2972 269 3035 blortis
286 2971 471 3052 inexpletae,
494 2981 599 3051 tuque,
621 2987 640 3031 o
662 2970 834 3031 saevissime
856 2968 984 3045 iratrunr,

168 3055 224 3118 (lui
247 3059 360 3118 servire
382 3057 440 3122 dati
461 3056 562 3117 llanes
583 3064 760 3134 aeternaque
780 3062 894 3115 sontum
1110 3058 1161 3115 475

166 3142 319 3221 Supplicia
341 3151 428 3221 atque
450 3143 499 3203 imi
520 3140 673 3202 famulatur
691 3140 774 3217 regia
795 3136 901 3213 mundi,

166 3225 281 3286 Solvite
303 3226 428 3305 pulsanti
448 3226 515 3287 loca
536 3234 613 3287 muta
633 3234 663 3285 et
682 3225 767 3285 inane
788 3239 912 3283 severae

164 3308 390 3391 Persephones,
411 3310 574 3389 vulgusque
597 3329 669 3371 cava
690 3307 744 3369 sub
766 3316 852 3369 nocte
872 3313 1020 3385 repostum

164 3393 292 3471 Elicite,
317 3404 347 3455 et
367 3394 455 3473 plena
475 3395 577 3457 redeat
599 3396 692 3473 Styga
711 3394 836 3474 portitor
858 3390 934 3451 aluo.

163 3478 255 3540 Ferte
277 3478 361 3542 simul
382 3497 520 3557 gressus,
539 3497 596 3540 nec
617 3479 741 3559 simplex
762 3475 894 3539 Manibus
917 3483 980 3537 esto
1109 3481 1160 3536 iao

164 3562 199 3623 ln
219 3563 315 3625 lucem
333 3582 466 3625 remeare
484 3564 599 3633 modus;
622 3573 652 3624 tu
670 3581 776 3643 separe
800 3570 885 3623 coetu

162 3646 301 3726 Elysios,
325 3648 449 3729 Persea,
471 3650 552 3731 pios,
573 3650 714 3731 uirgaque
731 3648 842 3730 potenti

207 3754 345 3799 suarius
367 3754 403 3796 11.
955 3742 957 3745 ·
978 3728 997 3789 6
