2842 4300
246 310 307 373 210
577 324 609 371 r.
637 322 774 373 aarum
791 322 912 402 susum

246 477 379 548 Obtinet;
401 478 521 539 interius
540 488 649 541 tectum
669 481 699 541 iu
720 480 919 561 penetralibus
939 479 1006 540 altis

245 564 284 627 Et
307 582 372 625 cum
392 562 486 624 hlorte
509 565 602 643 iacet,
627 565 758 645 nullique
780 583 817 627 ea
835 565 926 627 tristis
946 565 1068 643 imago}
1205 576 1258 631 105

245 650 315 729 lpse
338 658 449 725 autem,
472 666 583 710 uacuus
605 651 698 728 curis,
721 650 867 711 humentia
888 649 991 710 subter

246 735 339 795 Antra
362 733 529 813 soporifero
552 736 675 814 stipatos
696 736 771 797 llore
792 744 907 815 tapetas

246 818 382 887 Incubat;
406 818 542 880 exhalant
560 829 661 880 vestes
684 829 714 880 et
736 838 864 899 corpore
886 819 973 899 pigro

247 906 344 967 Strata
364 903 476 979 calent,
500 921 646 983 supraque
668 914 763 965 torum
780 906 866 982 niger
886 903 968 963 efflat
985 902 1091 965 anhelo

248 987 308 1049 Ore
328 1006 436 1067 vapor;
458 1006 558 1049 manus
576 988 651 1049 haec
671 990 754 1050 imos
776 1008 794 1049 a
813 999 948 1067 tempore
968 987 1056 1049 laevo
1206 1003 1261 1057 llo

248 1074 397 1135 Sustentat
419 1075 533 1150 crines,
554 1072 630 1135 haec
650 1091 742 1135 cornu
762 1073 854 1135 oblita
874 1074 994 1134 remisit

249 1158 375 1237 [Adsunt
395 1158 543 1219 innumero
566 1159 769 1237 circumvaga
790 1158 902 1219 somnia
921 1158 1013 1233 vultu,

247 1243 329 1305 Vera
349 1242 434 1303 simul
454 1242 536 1303 falsis
558 1245 760 1323 permixtaque
781 1244 875 1304 tristia
893 1242 1018 1303 blandis.

247 1326 352 1389 Noctis
372 1345 466 1407 opaea
488 1327 596 1389 cohors
615 1327 805 1408 trabibusque
826 1336 875 1390 aut
894 1326 1029 1406 postibus
1049 1325 1187 1405 haerem,

249 1412 309 1473 Aut
330 1412 436 1474 tellure
460 1412 572 1482 iacent;
594 1414 707 1489 tenuis,
730 1414 780 1491 qui
802 1412 905 1473 circuit
926 1410 1032 1487 aulam,
1206 1426 1259 1479 115

248 1496 454 1576 Invalidasque
475 1496 552 1557 nitor
573 1498 742 1576 primosque
763 1496 908 1557 hortantia
928 1513 1047 1557 somnos

248 1581 397 1659 Languida
416 1580 567 1641 succiduis
582 1582 718 1661 expirant
737 1581 842 1642 lumina
864 1581 1008 1659 dammis]

312 1666 376 1727 lluc
395 1684 429 1727 se
449 1665 587 1727 caeruleo
608 1665 724 1727 libravit
744 1666 782 1727 ah
803 1665 923 1727 aethere
945 1666 1029 1743 virgo

249 1750 405 1829 Discolor,
428 1751 569 1829 effulgent
587 1750 696 1828 siluae,
719 1750 937 1829 tenebrosaque
958 1748 1069 1830 Tempe

249 1836 386 1897 Arrisere
406 1835 498 1913 deae,
520 1838 650 1897 ettonis
674 1835 838 1897 lucentibus
859 1836 917 1895 icta
1208 1845 1262 1898 lto

250 1920 379 1998 Evigilet
399 1920 515 1989 domus;
538 1921 605 1999 ipse
624 1930 721 1981 autem
740 1939 798 1981 nee
820 1917 954 1999 lampade
976 1918 1066 1995 clara,

250 2004 315 2065 Nec
334 2006 445 2082 souitu,
467 2022 524 2064 uec
545 2022 621 2065 voce
643 2005 717 2067 deae
738 2004 892 2085 perculsus
912 2003 1017 2065 ecdem

251 2088 335 2152 lllore
357 2090 450 2167 iacet,
474 2088 569 2149 donec
589 2088 689 2149 radios
709 2089 911 2156 Thaumantias
931 2106 1033 2148 omues

251 2175 359 2254 Inpulit
377 2178 465 2254 inque
485 2175 589 2236 oculos
610 2175 726 2253 penitus
747 2174 900 2236 descendit
919 2175 1039 2234 inertes.

252 2259 334 2321 Tunc
357 2261 400 2320 sic
422 2277 490 2319 orsa
511 2259 594 2338 loqui
613 2258 773 2320 nimborum
793 2259 873 2320 fulva
891 2260 1035 2319 creatrix:
1209 2270 1262 2323 rm

317 2342 467 2404 ‘Sidonios
487 2352 517 2404 te
539 2343 610 2404 luno
631 2343 738 2420 duces,
759 2343 910 2404 mitissime
932 2343 1029 2403 divum

253 2430 380 2504 Somne,
401 2426 482 2488 iubet
503 2428 701 2507 populumque
721 2429 811 2487 trucis
834 2427 967 2504 deligere
987 2425 1098 2503 Cadmi,

254 2513 311 2587 Qui
333 2531 408 2574 nuuc
430 2521 535 2572 eventu
556 2511 627 2572 belli
649 2512 822 2572 tumefactus
839 2510 990 2573 Achaeum

253 2598 383 2676 Pervigil
404 2605 536 2660 asservat
557 2597 665 2658 vallum
685 2605 715 2656 et
733 2605 783 2656 tua
802 2597 883 2656 iussa
900 2604 1029 2656 recusat.
1054 2665 1057 2668 g
1324 2602 1325 2685 p

252 2683 298 2745 lla
316 2683 455 2763 precihus
471 2682 574 2760 tantis,
599 2717 637 2726 —
656 2699 722 2743 rara
736 2680 853 2742 esthoc
867 2697 958 2759 posse
973 2679 1113 2758 incultas,
1137 2716 1178 2726 -
1213 2691 1268 2746 130

253 2769 458 2848 Placaturuque
481 2765 581 2826 Iovem
599 2766 702 2828 dextra
720 2765 830 2826 lunone
847 2769 987 2825 merere!
1324 2760 1325 2785 ¹

316 2852 411 2928 Dixit,
440 2860 469 2912 et
489 2852 666 2931 increpitans
685 2851 850 2928 languentia
870 2859 992 2928 pectora
1013 2848 1127 2926 dextra,
1154 2863 1158 2869 ·

252 2935 298 2997 Ne
317 2946 440 3016 pereant
456 2953 566 3011 voees,
588 2938 751 3016 iterumque
771 2937 934 3014 iterumque
953 2934 1101 2996 mouebat.

253 3022 308 3082 Ille
330 3022 404 3082 deae
424 3021 511 3080 iussis
533 3019 649 3080 dubium
670 3022 848 3100 mixtumque
869 3021 971 3098 sopori

254 3107 376 3175 Annuit3
399 3103 517 3165 excedit
534 3105 652 3182 gravior
671 3105 851 3183 nigrantibus
874 3105 964 3164 antris
1103 3134 1106 3139 >
1215 3115 1273 3170 135

254 3190 310 3251 Iris
333 3199 362 3249 et
384 3189 516 3250 obtusum
536 3189 625 3250 molto
648 3189 731 3250 iubar
752 3191 861 3250 excitat
880 3187 974 3256 imbri.

255 3274 324 3352 lpse
346 3291 463 3354 quoque
483 3275 683 3336 et·,volucrem
701 3283 843 3352 gressum·
857 3282 888 3334 et
906 3281 1030 3334 ventosa
1051 3273 1153 3334 citavit

256 3357 421 3437 Tempora,
445 3367 475 3418 et
495 3359 612 3420 obscuri
635 3360 775 3420 sinuatam
796 3359 909 3436 frigore
928 3356 1007 3420 coeli

254 3442 381 3522 Inplevit
401 3443 597 3519 chlamydem,
618 3445 767 3522 tacitoque
787 3461 842 3521 per
863 3443 983 3504 aethera
1006 3459 1093 3502 cursu

255 3526 360 3588 Fertur
381 3534 411 3587 et
429 3525 530 3586 Aoniis
551 3527 641 3604 louge
660 3528 759 3604 gravis
780 3527 899 3587 inminet
919 3522 1019 3588 arvis.'
1218 3537 1278 3589 lto

256 3611 337 3672 Illius
357 3629 425 3672 aura
450 3611 515 3672 solo
537 3611 675 3672 volueres
698 3610 890 3691 pecudesque
911 3612 1049 3692 ferasque
