2842 4300
483 386 682 437 russnuoos
703 388 773 437 uns.
788 385 840 437 tx.
1106 376 1165 439 193

161 546 289 625 Accepit
309 548 394 605 natae
415 544 557 621 μυῖαι,
580 543 661 605 leret
679 555 787 624 aspera
805 560 908 605 museo

161 628 248 691 (lulla
266 646 444 708 gravemque
464 628 536 706 gelu
556 631 666 689 crinem
686 629 854 708 ceciditque
872 630 969 693 soluta

160 714 248 775 Pinus
270 714 367 775 adulta
385 730 485 789 mauu,
508 712 687 793 dimissaque
705 713 836 773 volvitur
851 732 932 776 urm.
1109 725 1162 780 410

158 798 244 861 Illum
266 818 321 878 per
341 800 419 877 ripas
441 815 553 859 annoso
570 815 704 877 'scrupos
721 798 794 857 'limo
1147 804 1151 813 '

161 883 220 945 Ora
241 892 421 945 exortantem
442 883 534 943 silvae
556 882 693 961 fluviique
715 884 842 942 minoret

160 968 312 1029 Mirantur:
338 977 434 1029 tauns
458 968 565 1028 turaldo
588 968 625 1027 de
646 967 766 1045 gurgite
788 967 890 1044 surgit„

160 1054 333 1133 spumosum
355 1052 493 1113 attollens
515 1054 628 1131 apicem
652 1052 927 1130 lapsuque-sonoro
1018 1088 1022 1097 ·
1055 1057 1087 1083 ’-

160 1138 286 1199 Pectora
312 1137 467 1199 caeruleae
487 1138 557 1197 rivis
582 1137 725 1197 mouentia
743 1135 863 1196 barbae.
1110 1146 1162 1200 415

161 1221 255 1283 Obvia
276 1230 419 1299 cognatos
439 1223 563 1299 gemitum
586 1236 744 1299 casumque
765 1222 882 1299 nepotis

158 1306 355 1387 Nympharum
378 1306 467 1367 docet
485 1316 690 1385 unapatrem,
712 1315 910 1383 monstratque
928 1312 1079 1365 cruentum

159 1392 319 1452 Auctorem
340 1391 530 1470 dabamque
550 1392 670 1470 premit;
694 1391 774 1450 stetit
791 1391 898 1451 eronus
919 1388 978 1449 alte

159 1477 273 1552 Amne,
294 1492 437 1554 manuque
457 1492 551 1553 genas
569 1485 602 1536 et
622 1494 698 1535 nexa
718 1474 878 1535 virentibus
899 1474 976 1533 ulvis

162 1560 279 1621 Cornua
299 1562 468 1621 concutiens
489 1563 532 1620 sic
552 1560 684 1621 turbidus
705 1577 759 1619 ore
781 1558 926 1638 profundo
1108 1567 1162 1623 42⁰

158 1646 279 1725 Incipit:
302 1645 440 1705 ‘llunene
461 1646 545 1720 mihi,
568 1660 705 1724 superum
727 1653 882 1721 regnator,
904 1642 1056 1721 honorem,

159 1730 247 1805 Quod
268 1732 375 1791 totiens
397 1730 565 1808 hospesque
586 1731 642 1789 tuis
665 1738 695 1788 et
715 1730 851 1789 conscius
873 1729 958 1803 actis,

157 1814 223 1876 Nec
244 1832 406 1875 memorare
425 1817 527 1890 timer,
550 1814 624 1875 ialsu
644 1828 721 1873 nnnc
738 1812 863 1892 inprobe
883 1812 979 1872 fronte

159 1898 294 1976 Cornua,
316 1914 392 1960 nuno
412 1898 530 1959 vetitam
551 1914 653 1958 currus
673 1898 842 1974 disiungere
862 1896 1003 1956 Phoeben

157 1984 342 2063 Detulesqne
360 2000 452 2061 rogos
474 1983 658 2061 deceptaque
678 1981 796 2041 fulmina
817 1982 875 2041 vidi

156 2070 397 2148 Praecipuosque
420 2069 477 2129 alni
496 2063 649 2127 natorum?
679 2082 716 2127 au
736 2066 803 2127 vulis
824 2075 856 2125 et
875 2065 934 2126 illis

158 2150 277 2216 Gratia?
298 2155 334 2216 ad
355 2154 431 2214 hunc
454 2162 536 2214 certe
556 2155 649 2230 repsit
668 2150 833 2227 Tirynthius
854 2167 978 2227 amnem,

158 2239 223 2300 llec
244 2239 296 2300 tibi
318 2239 489 2317 flagrantem
511 2237 655 2298 Bromium
675 2238 860 2296 restinximus
882 2236 967 2304 unda.

156 2325 308 2404 Adspice,
330 2341 402 2403 quas
423 2322 511 2382 husie
532 2323 659 2395 oaedssy
680 2339 757 2400 quae
778 2321 882 2381 iuuere
902 2330 1018 2401 portem

158 2407 319 2469 Continuus
339 2408 407 2468 telis
428 2407 548 2485 altoque
569 2407 729 2485 adopertus
750 2422 869 2466 acervo.

157 2492 251 2552 Omne
269 2494 373 2554 vadum
390 2491 463 2554 belli
485 2493 579 2552 series
599 2501 695 2567 tenet,
723 2492 816 2551 omnis
837 2490 955 2552 anhelet
993 2537 997 2546 .

156 2577 360 2652 nudauerat,
383 2577 541 2655 subterque
562 2577 673 2638 animae
695 2593 843 2654 supraque
864 2586 1002 2637 recentes

155 2661 265 2722 Errant
286 2672 315 2722 et
335 2663 466 2740 geminas
486 2663 607 2740 iungunt
627 2661 753 2738 caligine
773 2662 865 2738 ripas.

146 2746 214 2807 ¹lllc
236 2764 293 2824 ego
317 2746 456 2808 clamatus
478 2748 571 2806 sacris
591 2745 748 2806 ululatibus
768 2745 870 2820 amnis,

159 2829 219 2904 Qui
238 2831 343 2892 molles
365 2831 482 2906 thyrsos
504 2830 715 2908 Brocheeuque
736 2847 845 2890 cornua
859 2845 940 2908 puro

155 2915 252 2977 Fonte
274 2916 373 2977 lavare
393 2917 492 2991 feror,
514 2917 635 2993 stipatus
657 2913 797 2975 caedibus
819 2923 916 2974 arctas

84 3009 85 3012 ’
155 3000 191 3061 ln
212 3001 288 3062 ireta
310 3018 419 3080 quaero
440 3001 518 3068 vias;
541 3015 605 3079 ¹non
623 2999 795 3074 Strymonos
812 3000 891 3078 inpia
913 3006 992 3059 tauto

84 3091 85 3134 3
156 3087 267 3162 Stagna
287 3101 392 3146 cruore
412 3091 527 3160 natant,
548 3100 606 3144 non
627 3083 769 3166 spumifer
789 3083 874 3144 altius
896 3081 1011 3143 liebrus

97 3195 101 3202 -
158 3169 286 3230 Gradivo
306 3169 435 3230 bellante
452 3168 548 3230 rubet.
589 3167 701 3230 Necte
720 3167 855 3229 admonet
872 3167 959 3228 altrix

156 3253 241 3315 Unda
265 3263 387 3332 tuasque
408 3271 523 3331 manus,
545 3253 735 3332 iampridem
758 3251 850 3314 oblite
871 3260 1023 3330 parentem

155 3335 266 3399 hiber?
286 3335 422 3399 anilem
443 3339 546 3400 melius
567 3348 688 3417 pacatur
705 3333 881 3417 Hydaspes?

156 3423 198 3484 At
217 3433 263 3498 tu,
287 3425 336 3502 qui
357 3424 481 3484 tumidus
502 3424 605 3503 spoliis
626 3432 658 3483 et
679 3425 819 3500 sanguiue
838 3421 951 3500 gaudes

156 3507 284 3569 Insontis
306 3511 405 3587 pueri,
428 3525 487 3568 non
504 3508 562 3570 hoc
583 3525 621 3568 ex
642 3525 726 3568 amne
745 3516 896 3586 potentem

157 3591 287 3654 lnaohcn
307 3602 355 3654 aut
375 3609 480 3654 saevas
500 3595 596 3654 victor
616 3592 761 3654 revehere
782 3591 932 3668 Mycenas,

157 3676 195 3737 Ni
212 3678 343 3740 mortalis
365 3695 423 3756 ego
445 3687 475 3740 et
495 3677 547 3740 tibi
569 3679 672 3742 ductos
692 3677 731 3740 ab
750 3677 871 3739 aethere
892 3674 1032 3819 saugqis?
1105 3680 1157 3736 tat

200 3781 335 3827 suenrus
357 3784 394 3826 11.
954 3764 969 3820 1
