<?xml version="1.0" encoding="UTF-8"?>
<!DOCTYPE html PUBLIC "-//W3C//DTD XHTML 1.0 Transitional//EN"
    "http://www.w3.org/TR/xhtml1/DTD/xhtml1-transitional.dtd">
<html xmlns="http://www.w3.org/1999/xhtml" xml:lang="en" lang="en">
 <head>
  <title>
</title>
<meta http-equiv="Content-Type" content="text/html;charset=utf-8" />
  <meta name='ocr-system' content='tesseract 3.04.00' />
  <meta name='ocr-capabilities' content='ocr_page ocr_carea ocr_par ocr_line ocrx_word'/>
</head>
<body>
  <div class='ocr_page' id='page_1' title='image "./publiuspapinius01quecgoog/publiuspapinius01quecgoog_0414.png"; bbox 0 0 2842 4300; ppageno 0'>
   <div class='ocr_carea' id='block_1_1' title="bbox 514 360 1188 425">
    <p class='ocr_par' dir='ltr' id='par_1_1' title="bbox 514 360 1188 425">
     <span class='ocr_line' id='line_1_1' title="bbox 514 360 1188 425; baseline -0.004 -1"><span class='ocrx_word' id='word_1_1' title='bbox 514 374 714 425; x_wconf 74' lang='lat' dir='ltr'>mammos</span> <span class='ocrx_word' id='word_1_2' title='bbox 734 375 805 423; x_wconf 82' lang='lat' dir='ltr'>me.</span> <span class='ocrx_word' id='word_1_3' title='bbox 823 376 859 423; x_wconf 84' lang='lat' dir='ltr'>x.</span> <span class='ocrx_word' id='word_1_4' title='bbox 1126 360 1188 422; x_wconf 80' lang='lat'>217</span> 
     </span>
    </p>
   </div>
   <div class='ocr_carea' id='block_1_2' title="bbox 119 529 1193 3742">
    <p class='ocr_par' dir='ltr' id='par_1_2' title="bbox 119 529 1193 3742">
     <span class='ocr_line' id='line_1_2' title="bbox 188 529 1189 611; baseline 0.004 -20"><span class='ocrx_word' id='word_1_5' title='bbox 188 529 378 605; x_wconf 82' lang='lat' dir='ltr'>Quaeritur;&#39;</span> <span class='ocrx_word' id='word_1_6' title='bbox 402 531 529 593; x_wconf 75' lang='lat' dir='ltr'>incendit</span> <span class='ocrx_word' id='word_1_7' title='bbox 549 532 727 611; x_wconf 80' lang='lat' dir='ltr'>pronis&#39;de&#39;a</span> <span class='ocrx_word' id='word_1_8' title='bbox 749 530 881 592; x_wconf 76' lang='lat' dir='ltr'>curribus</span> <span class='ocrx_word' id='word_1_9' title='bbox 902 532 1009 592; x_wconf 83' lang='lat' dir='ltr'>almum</span> <span class='ocrx_word' id='word_1_10' title='bbox 1134 540 1189 595; x_wconf 78' lang='grc'>373</span> 
     </span>
     <span class='ocr_line' id='line_1_3' title="bbox 188 614 896 677; baseline 0 -2"><span class='ocrx_word' id='word_1_11' title='bbox 188 614 274 676; x_wconf 84' lang='lat' dir='ltr'>Sidus</span> <span class='ocrx_word' id='word_1_12' title='bbox 295 625 326 675; x_wconf 90' lang='lat' dir='ltr'>et</span> <span class='ocrx_word' id='word_1_13' title='bbox 347 616 462 677; x_wconf 92' lang='lat' dir='ltr'>admoto</span> <span class='ocrx_word' id='word_1_14' title='bbox 484 618 653 677; x_wconf 81' lang='lat' dir='ltr'>monstravit</span> <span class='ocrx_word' id='word_1_15' title='bbox 672 617 775 677; x_wconf 86' lang='lat' dir='ltr'>lanera</span> <span class='ocrx_word' id='word_1_16' title='bbox 795 634 896 677; x_wconf 91' lang='lat' dir='ltr'>cornu.</span> 
     </span>
     <span class='ocr_line' id='line_1_4' title="bbox 186 698 993 780; baseline -0.002 -19"><span class='ocrx_word' id='word_1_17' title='bbox 186 700 340 780; x_wconf 90' lang='lat' dir='ltr'>Apparent</span> <span class='ocrx_word' id='word_1_18' title='bbox 359 702 453 780; x_wconf 86' lang='lat' dir='ltr'>campi</span> <span class='ocrx_word' id='word_1_19' title='bbox 473 699 651 780; x_wconf 74' lang='lat' dir='ltr'>Thebaeque</span> <span class='ocrx_word' id='word_1_20' title='bbox 673 701 807 779; x_wconf 85' lang='lat' dir='ltr'>altosque</span> <span class='ocrx_word' id='word_1_21' title='bbox 825 698 993 761; x_wconf 78' lang='lat' dir='ltr'>Cithaeron.</span> 
     </span>
     <span class='ocr_line' id='line_1_5' title="bbox 251 780 1181 863; baseline -0.001 -18"><span class='ocrx_word' id='word_1_22' title='bbox 251 786 301 845; x_wconf 86' lang='lat' dir='ltr'>Sic</span> <span class='ocrx_word' id='word_1_23' title='bbox 321 784 371 845; x_wconf 91' lang='lat' dir='ltr'>ubi</span> <span class='ocrx_word' id='word_1_24' title='bbox 390 795 561 847; x_wconf 85' lang='lat' dir='ltr'>nocturnum</span> <span class='ocrx_word' id='word_1_25' title='bbox 573 780 687 846; x_wconf 85' lang='lat' dir='ltr'>¹tonitru</span> <span class='ocrx_word' id='word_1_26' title='bbox 707 786 801 846; x_wconf 85' lang='lat' dir='ltr'>malus</span> <span class='ocrx_word' id='word_1_27' title='bbox 818 786 938 845; x_wconf 86' lang='lat' dir='ltr'>aethera</span> <span class='ocrx_word' id='word_1_28' title='bbox 958 785 1066 863; x_wconf 77' lang='lat' dir='ltr'>frangit</span> <span class='ocrx_word' id='word_1_29' title='bbox 1178 789 1181 798; x_wconf 93' lang='lat'>&#39;</span> 
     </span>
     <span class='ocr_line' id='line_1_6' title="bbox 187 869 921 949; baseline 0 -19"><span class='ocrx_word' id='word_1_30' title='bbox 187 869 336 949; x_wconf 85' lang='lat' dir='ltr'>luppiter,</span> <span class='ocrx_word' id='word_1_31' title='bbox 359 870 495 931; x_wconf 76' lang='lat' dir='ltr'>absiliunt</span> <span class='ocrx_word' id='word_1_32' title='bbox 515 869 624 947; x_wconf 79' lang='lat' dir='ltr'>nubes,</span> <span class='ocrx_word' id='word_1_33' title='bbox 650 880 681 931; x_wconf 91' lang='lat' dir='ltr'>et</span> <span class='ocrx_word' id='word_1_34' title='bbox 701 870 819 947; x_wconf 69' lang='lat' dir='ltr'>fulgure</span> <span class='ocrx_word' id='word_1_35' title='bbox 840 869 921 930; x_wconf 86' lang='lat' dir='ltr'>claro</span> 
     </span>
     <span class='ocr_line' id='line_1_7' title="bbox 188 954 1188 1034; baseline 0.004 -20"><span class='ocrx_word' id='word_1_36' title='bbox 188 955 277 1015; x_wconf 84' lang='lat' dir='ltr'>Astra</span> <span class='ocrx_word' id='word_1_37' title='bbox 299 964 414 1034; x_wconf 87' lang='lat' dir='ltr'>patent,</span> <span class='ocrx_word' id='word_1_38' title='bbox 436 954 608 1034; x_wconf 82' lang='lat' dir='ltr'>subitusque</span> <span class='ocrx_word' id='word_1_39' title='bbox 630 955 725 1015; x_wconf 88' lang='lat' dir='ltr'>oculis</span> <span class='ocrx_word' id='word_1_40' title='bbox 746 955 909 1015; x_wconf 84' lang='lat' dir='ltr'>ostenditur</span> <span class='ocrx_word' id='word_1_41' title='bbox 929 954 1020 1015; x_wconf 87' lang='lat' dir='ltr'>orbis.</span> <span class='ocrx_word' id='word_1_42' title='bbox 1135 963 1188 1018; x_wconf 77' lang='lat' dir='ltr'>ete</span> 
     </span>
     <span class='ocr_line' id='line_1_8' title="bbox 188 1038 935 1119; baseline 0 -20"><span class='ocrx_word' id='word_1_43' title='bbox 188 1039 315 1118; x_wconf 76' lang='lat' dir='ltr'>Accepit</span> <span class='ocrx_word' id='word_1_44' title='bbox 338 1041 455 1115; x_wconf 80' lang='lat' dir='ltr'>radios,</span> <span class='ocrx_word' id='word_1_45' title='bbox 478 1048 507 1100; x_wconf 90' lang='lat' dir='ltr'>ct</span> <span class='ocrx_word' id='word_1_46' title='bbox 528 1039 632 1099; x_wconf 88' lang='lat' dir='ltr'>eadem</span> <span class='ocrx_word' id='word_1_47' title='bbox 650 1042 782 1119; x_wconf 85' lang='lat' dir='ltr'>percitus</span> <span class='ocrx_word' id='word_1_48' title='bbox 802 1038 935 1119; x_wconf 90' lang='lat' dir='ltr'>llopleus</span> 
     </span>
     <span class='ocr_line' id='line_1_9' title="bbox 190 1123 1016 1203; baseline 0 -18"><span class='ocrx_word' id='word_1_49' title='bbox 190 1123 290 1199; x_wconf 72' lang='lat' dir='ltr'>Tydea</span> <span class='ocrx_word' id='word_1_50' title='bbox 315 1124 381 1184; x_wconf 89' lang='lat' dir='ltr'>luce</span> <span class='ocrx_word' id='word_1_51' title='bbox 400 1124 494 1192; x_wconf 63' lang='lat' dir='ltr'>videm</span> <span class='ocrx_word' id='word_1_52' title='bbox 518 1125 609 1201; x_wconf 78' lang='lat' dir='ltr'>lonqe</span> <span class='ocrx_word' id='word_1_53' title='bbox 630 1124 698 1185; x_wconf 80' lang='lat' dir='ltr'>dant</span> <span class='ocrx_word' id='word_1_54' title='bbox 720 1126 807 1201; x_wconf 79' lang='lat' dir='ltr'>signa.</span> <span class='ocrx_word' id='word_1_55' title='bbox 825 1142 879 1203; x_wconf 89' lang='lat' dir='ltr'>per</span> <span class='ocrx_word' id='word_1_56' title='bbox 899 1123 1016 1185; x_wconf 83' lang='lat' dir='ltr'>umbras</span> 
     </span>
     <span class='ocr_line' id='line_1_10' title="bbox 187 1207 937 1288; baseline 0.001 -20"><span class='ocrx_word' id='word_1_57' title='bbox 187 1207 285 1269; x_wconf 87' lang='lat' dir='ltr'>blntua</span> <span class='ocrx_word' id='word_1_58' title='bbox 307 1208 448 1269; x_wconf 89' lang='lat' dir='ltr'>laetantes</span> <span class='ocrx_word' id='word_1_59' title='bbox 470 1217 502 1269; x_wconf 90' lang='lat' dir='ltr'>et</span> <span class='ocrx_word' id='word_1_60' title='bbox 521 1210 643 1271; x_wconf 86' lang='lat' dir='ltr'>amicum</span> <span class='ocrx_word' id='word_1_61' title='bbox 667 1209 782 1288; x_wconf 88' lang='lat' dir='ltr'>pondus</span> <span class='ocrx_word' id='word_1_62' title='bbox 801 1218 937 1287; x_wconf 80' lang='lat' dir='ltr'>uterque,</span> 
     </span>
     <span class='ocr_line' id='line_1_11' title="bbox 191 1290 1109 1373; baseline -0.001 -20"><span class='ocrx_word' id='word_1_63' title='bbox 191 1290 253 1353; x_wconf 81' lang='lat' dir='ltr'>Ceo</span> <span class='ocrx_word' id='word_1_64' title='bbox 274 1293 400 1354; x_wconf 89' lang='lat' dir='ltr'>reduces</span> <span class='ocrx_word' id='word_1_65' title='bbox 419 1295 497 1354; x_wconf 87' lang='lat' dir='ltr'>vitae</span> <span class='ocrx_word' id='word_1_66' title='bbox 519 1310 667 1373; x_wconf 73' lang='lat' dir='ltr'>metaque</span> <span class='ocrx_word' id='word_1_67' title='bbox 688 1312 705 1353; x_wconf 93' lang='lat' dir='ltr'>a</span> <span class='ocrx_word' id='word_1_68' title='bbox 728 1303 822 1353; x_wconf 89' lang='lat' dir='ltr'>morte</span> <span class='ocrx_word' id='word_1_69' title='bbox 842 1296 992 1371; x_wconf 82' lang='lat' dir='ltr'>remissos,</span> <span class='ocrx_word' id='word_1_70' title='bbox 1106 1333 1109 1340; x_wconf 69' lang='grc'><strong><em>«</em></strong></span> 
     </span>
     <span class='ocr_line' id='line_1_12' title="bbox 190 1376 1190 1455; baseline 0.005 -18"><span class='ocrx_word' id='word_1_71' title='bbox 190 1376 329 1438; x_wconf 84' lang='lat' dir='ltr'>Subiecta</span> <span class='ocrx_word' id='word_1_72' title='bbox 352 1379 470 1438; x_wconf 81' lang='lat' dir='ltr'>ceruice</span> <span class='ocrx_word' id='word_1_73' title='bbox 491 1378 604 1447; x_wconf 89' lang='lat' dir='ltr'>levant;</span> <span class='ocrx_word' id='word_1_74' title='bbox 626 1378 811 1455; x_wconf 74' lang='lat' dir='ltr'>menerba,</span> <span class='ocrx_word' id='word_1_75' title='bbox 833 1396 889 1438; x_wconf 86' lang='lat' dir='ltr'>nec</span> <span class='ocrx_word' id='word_1_76' title='bbox 910 1379 973 1438; x_wconf 85' lang='lat' dir='ltr'>ausi</span> <span class='ocrx_word' id='word_1_77' title='bbox 998 1426 1002 1433; x_wconf 90' lang='lat'><em>.</em></span> <span class='ocrx_word' id='word_1_78' title='bbox 1137 1386 1190 1442; x_wconf 74' lang='grc'>383</span> 
     </span>
     <span class='ocr_line' id='line_1_13' title="bbox 188 1458 1006 1543; baseline 0.002 -22"><span class='ocrx_word' id='word_1_79' title='bbox 188 1458 278 1523; x_wconf 82' lang='lat' dir='ltr'>Flere</span> <span class='ocrx_word' id='word_1_80' title='bbox 297 1462 361 1538; x_wconf 91' lang='lat' dir='ltr'>diu,</span> <span class='ocrx_word' id='word_1_81' title='bbox 388 1480 482 1542; x_wconf 83' lang='lat' dir='ltr'>prope</span> <span class='ocrx_word' id='word_1_82' title='bbox 505 1481 594 1523; x_wconf 83' lang='lat' dir='ltr'>saeva</span> <span class='ocrx_word' id='word_1_83' title='bbox 615 1462 695 1539; x_wconf 80' lang='lat' dir='ltr'>dies,</span> <span class='ocrx_word' id='word_1_84' title='bbox 717 1463 865 1543; x_wconf 85' lang='lat' dir='ltr'>indexque</span> <span class='ocrx_word' id='word_1_85' title='bbox 884 1464 1006 1523; x_wconf 89' lang='lat' dir='ltr'>minatur</span> 
     </span>
     <span class='ocr_line' id='line_1_14' title="bbox 190 1544 965 1626; baseline -0.001 -19"><span class='ocrx_word' id='word_1_86' title='bbox 190 1544 293 1615; x_wconf 78' lang='lat' dir='ltr'>Ortus3</span> <span class='ocrx_word' id='word_1_87' title='bbox 317 1556 385 1607; x_wconf 88' lang='lat' dir='ltr'>eunt</span> <span class='ocrx_word' id='word_1_88' title='bbox 406 1549 485 1609; x_wconf 87' lang='lat' dir='ltr'>taciti</span> <span class='ocrx_word' id='word_1_89' title='bbox 507 1566 563 1626; x_wconf 88' lang='lat' dir='ltr'>per</span> <span class='ocrx_word' id='word_1_90' title='bbox 581 1556 695 1607; x_wconf 68' lang='lat' dir='ltr'>moesta</span> <span class='ocrx_word' id='word_1_91' title='bbox 717 1547 834 1609; x_wconf 82' lang='lat' dir='ltr'>silentia</span> <span class='ocrx_word' id='word_1_92' title='bbox 853 1548 965 1625; x_wconf 74' lang='lat' dir='ltr'>magnis</span> 
     </span>
     <span class='ocr_line' id='line_1_15' title="bbox 190 1630 989 1711; baseline 0 -20"><span class='ocrx_word' id='word_1_93' title='bbox 190 1630 327 1692; x_wconf 86' lang='lat' dir='ltr'>Passibus</span> <span class='ocrx_word' id='word_1_94' title='bbox 349 1630 564 1711; x_wconf 81' lang='lat' dir='ltr'>exhaustasque</span> <span class='ocrx_word' id='word_1_95' title='bbox 586 1630 686 1693; x_wconf 91' lang='lat' dir='ltr'>dolent</span> <span class='ocrx_word' id='word_1_96' title='bbox 705 1632 820 1711; x_wconf 81' lang='lat' dir='ltr'>pallere</span> <span class='ocrx_word' id='word_1_97' title='bbox 841 1632 989 1692; x_wconf 86' lang='lat' dir='ltr'>tenebras.</span> 
     </span>
     <span class='ocr_line' id='line_1_16' title="bbox 254 1714 948 1795; baseline -0.001 -18"><span class='ocrx_word' id='word_1_98' title='bbox 254 1714 434 1777; x_wconf 86' lang='lat' dir='ltr'>luridaiata</span> <span class='ocrx_word' id='word_1_99' title='bbox 455 1718 529 1795; x_wconf 77' lang='lat' dir='ltr'>piis,</span> <span class='ocrx_word' id='word_1_100' title='bbox 549 1725 583 1778; x_wconf 86' lang='lat' dir='ltr'>et</span> <span class='ocrx_word' id='word_1_101' title='bbox 600 1716 663 1777; x_wconf 86' lang='lat' dir='ltr'>lora</span> <span class='ocrx_word' id='word_1_102' title='bbox 683 1716 849 1794; x_wconf 74' lang='lat' dir='ltr'>ingentibus</span> <span class='ocrx_word' id='word_1_103' title='bbox 869 1718 948 1779; x_wconf 78' lang='lat' dir='ltr'>ausis</span> 
     </span>
     <span class='ocr_line' id='line_1_17' title="bbox 189 1799 1190 1881; baseline 0.005 -21"><span class='ocrx_word' id='word_1_104' title='bbox 189 1799 269 1861; x_wconf 86' lang='lat' dir='ltr'>Rara</span> <span class='ocrx_word' id='word_1_105' title='bbox 289 1817 405 1869; x_wconf 89' lang='lat' dir='ltr'>comes;</span> <span class='ocrx_word' id='word_1_106' title='bbox 426 1802 483 1861; x_wconf 88' lang='lat' dir='ltr'>iam</span> <span class='ocrx_word' id='word_1_107' title='bbox 501 1810 596 1863; x_wconf 79' lang='lat' dir='ltr'>casma</span> <span class='ocrx_word' id='word_1_108' title='bbox 614 1800 716 1861; x_wconf 80' lang='lat' dir='ltr'>uident</span> <span class='ocrx_word' id='word_1_109' title='bbox 730 1802 889 1879; x_wconf 86' lang='lat' dir='ltr'>animisque</span> <span class='ocrx_word' id='word_1_110' title='bbox 904 1804 1109 1881; x_wconf 85' lang='lat' dir='ltr'>propinquant,</span> <span class='ocrx_word' id='word_1_111' title='bbox 1138 1811 1190 1865; x_wconf 77' lang='grc'>383</span> 
     </span>
     <span class='ocr_line' id='line_1_18' title="bbox 119 1884 997 1963; baseline 0.001 -18"><span class='ocrx_word' id='word_1_112' title='bbox 119 1958 123 1963; x_wconf 26' lang='lat'><strong>¹</strong></span> <span class='ocrx_word' id='word_1_113' title='bbox 189 1884 229 1945; x_wconf 85' lang='lat' dir='ltr'>Et</span> <span class='ocrx_word' id='word_1_114' title='bbox 250 1885 397 1946; x_wconf 86' lang='lat' dir='ltr'>decrescit</span> <span class='ocrx_word' id='word_1_115' title='bbox 419 1902 508 1961; x_wconf 77' lang='lat' dir='ltr'>onus,</span> <span class='ocrx_word' id='word_1_116' title='bbox 531 1884 617 1945; x_wconf 88' lang='lat' dir='ltr'>subiti</span> <span class='ocrx_word' id='word_1_117' title='bbox 639 1903 726 1963; x_wconf 91' lang='lat' dir='ltr'>quum</span> <span class='ocrx_word' id='word_1_118' title='bbox 745 1885 875 1963; x_wconf 80' lang='lat' dir='ltr'>pulueris</span> <span class='ocrx_word' id='word_1_119' title='bbox 896 1886 997 1946; x_wconf 89' lang='lat' dir='ltr'>umbra</span> 
     </span>
     <span class='ocr_line' id='line_1_19' title="bbox 178 1968 953 2047; baseline -0.001 -17"><span class='ocrx_word' id='word_1_120' title='bbox 178 1968 231 2047; x_wconf 16' lang='lat' dir='ltr'>pldt</span> <span class='ocrx_word' id='word_1_121' title='bbox 250 1986 339 2030; x_wconf 88' lang='lat' dir='ltr'>sonus</span> <span class='ocrx_word' id='word_1_122' title='bbox 358 1987 375 2030; x_wconf 94' lang='lat' dir='ltr'>a</span> <span class='ocrx_word' id='word_1_123' title='bbox 394 1979 498 2047; x_wconf 68' lang='lat' dir='ltr'>tergm</span> <span class='ocrx_word' id='word_1_124' title='bbox 520 1970 629 2029; x_wconf 81' lang='lat' dir='ltr'>monita</span> <span class='ocrx_word' id='word_1_125' title='bbox 650 1970 732 2029; x_wconf 89' lang='lat' dir='ltr'>ducis</span> <span class='ocrx_word' id='word_1_126' title='bbox 752 1988 825 2030; x_wconf 85' lang='lat' dir='ltr'>acer</span> <span class='ocrx_word' id='word_1_127' title='bbox 844 1969 953 2047; x_wconf 72' lang='lat' dir='ltr'>agebat</span> 
     </span>
     <span class='ocr_line' id='line_1_20' title="bbox 190 2054 944 2134; baseline -0.001 -18"><span class='ocrx_word' id='word_1_128' title='bbox 190 2054 338 2134; x_wconf 78' lang='lat' dir='ltr'>Amphion</span> <span class='ocrx_word' id='word_1_129' title='bbox 360 2055 491 2134; x_wconf 86' lang='lat' dir='ltr'>equites,</span> <span class='ocrx_word' id='word_1_130' title='bbox 516 2063 635 2115; x_wconf 85' lang='lat' dir='ltr'>noctem</span> <span class='ocrx_word' id='word_1_131' title='bbox 650 2054 828 2133; x_wconf 66' lang='lat' dir='ltr'>vigilataque</span> <span class='ocrx_word' id='word_1_132' title='bbox 843 2060 944 2115; x_wconf 86' lang='lat' dir='ltr'>castra</span> 
     </span>
     <span class='ocr_line' id='line_1_21' title="bbox 189 2138 1077 2220; baseline -0.005 -20"><span class='ocrx_word' id='word_1_133' title='bbox 189 2138 356 2220; x_wconf 85' lang='lat' dir='ltr'>Explorare</span> <span class='ocrx_word' id='word_1_134' title='bbox 379 2138 478 2216; x_wconf 82' lang='lat' dir='ltr'>datus,</span> <span class='ocrx_word' id='word_1_135' title='bbox 502 2140 669 2220; x_wconf 90' lang='lat' dir='ltr'>primusque</span> <span class='ocrx_word' id='word_1_136' title='bbox 691 2157 746 2218; x_wconf 88' lang='lat' dir='ltr'>per</span> <span class='ocrx_word' id='word_1_137' title='bbox 767 2140 832 2200; x_wconf 87' lang='lat' dir='ltr'>avia</span> <span class='ocrx_word' id='word_1_138' title='bbox 852 2140 950 2218; x_wconf 86' lang='lat' dir='ltr'>campi</span> <span class='ocrx_word' id='word_1_139' title='bbox 1023 2191 1027 2196; x_wconf 90' lang='lat'>.</span> <span class='ocrx_word' id='word_1_140' title='bbox 1075 2149 1077 2155; x_wconf 85' lang='grc'><strong>’</strong></span> 
     </span>
     <span class='ocr_line' id='line_1_22' title="bbox 190 2224 1192 2304; baseline 0.002 -19"><span class='ocrx_word' id='word_1_141' title='bbox 190 2224 292 2304; x_wconf 88' lang='lat' dir='ltr'>Usque</span> <span class='ocrx_word' id='word_1_142' title='bbox 314 2224 435 2304; x_wconf 82' lang='lat' dir='ltr'>procul,</span> <span class='ocrx_word' id='word_1_143' title='bbox 461 2225 585 2286; x_wconf 83' lang='lat' dir='ltr'>necdum</span> <span class='ocrx_word' id='word_1_144' title='bbox 605 2233 682 2285; x_wconf 89' lang='lat' dir='ltr'>totas</span> <span class='ocrx_word' id='word_1_145' title='bbox 703 2224 756 2284; x_wconf 83' lang='lat' dir='ltr'>lux</span> <span class='ocrx_word' id='word_1_146' title='bbox 776 2225 907 2285; x_wconf 85' lang='lat' dir='ltr'>solverat</span> <span class='ocrx_word' id='word_1_147' title='bbox 928 2224 1056 2299; x_wconf 86' lang='lat' dir='ltr'>umbras,</span> <span class='ocrx_word' id='word_1_148' title='bbox 1139 2234 1192 2288; x_wconf 81' lang='grc'>390</span> 
     </span>
     <span class='ocr_line' id='line_1_23' title="bbox 189 2307 966 2388; baseline 0 -18"><span class='ocrx_word' id='word_1_149' title='bbox 189 2308 301 2370; x_wconf 89' lang='lat' dir='ltr'>Nescio</span> <span class='ocrx_word' id='word_1_150' title='bbox 322 2307 390 2387; x_wconf 92' lang='lat' dir='ltr'>quid</span> <span class='ocrx_word' id='word_1_151' title='bbox 409 2309 473 2368; x_wconf 86' lang='lat' dir='ltr'>visu</span> <span class='ocrx_word' id='word_1_152' title='bbox 494 2308 610 2369; x_wconf 87' lang='lat' dir='ltr'>dubium</span> <span class='ocrx_word' id='word_1_153' title='bbox 626 2311 833 2388; x_wconf 84' lang='lat' dir='ltr'>incertumque</span> <span class='ocrx_word' id='word_1_154' title='bbox 852 2310 966 2370; x_wconf 81' lang='lat' dir='ltr'>moveri</span> 
     </span>
     <span class='ocr_line' id='line_1_24' title="bbox 192 2393 1054 2473; baseline -0.001 -19"><span class='ocrx_word' id='word_1_155' title='bbox 192 2393 386 2473; x_wconf 85' lang='lat' dir='ltr'>Gorporaque</span> <span class='ocrx_word' id='word_1_156' title='bbox 407 2395 451 2453; x_wconf 89' lang='lat' dir='ltr'>ire</span> <span class='ocrx_word' id='word_1_157' title='bbox 471 2394 566 2462; x_wconf 64' lang='lat' dir='ltr'>videm</span> <span class='ocrx_word' id='word_1_158' title='bbox 588 2393 700 2454; x_wconf 86' lang='lat' dir='ltr'>subitus</span> <span class='ocrx_word' id='word_1_159' title='bbox 721 2409 791 2454; x_wconf 84' lang='lat' dir='ltr'>mox</span> <span class='ocrx_word' id='word_1_160' title='bbox 811 2393 914 2454; x_wconf 87' lang='lat' dir='ltr'>iraude</span> <span class='ocrx_word' id='word_1_161' title='bbox 935 2403 1054 2473; x_wconf 88' lang='lat' dir='ltr'>reperta</span> 
     </span>
     <span class='ocr_line' id='line_1_25' title="bbox 192 2475 1124 2557; baseline -0.002 -17"><span class='ocrx_word' id='word_1_162' title='bbox 192 2477 360 2540; x_wconf 83' lang='lat' dir='ltr'>Exclamat:</span> <span class='ocrx_word' id='word_1_163' title='bbox 384 2475 549 2539; x_wconf 72' lang='lat' dir='ltr'>‘Cohibete</span> <span class='ocrx_word' id='word_1_164' title='bbox 569 2478 693 2556; x_wconf 75' lang='lat' dir='ltr'>gradem</span> <span class='ocrx_word' id='word_1_165' title='bbox 710 2479 918 2557; x_wconf 85' lang='lat' dir='ltr'>quicumqoe;’</span> <span class='ocrx_word' id='word_1_166' title='bbox 945 2479 999 2540; x_wconf 89' lang='lat' dir='ltr'>sed</span> <span class='ocrx_word' id='word_1_167' title='bbox 1016 2479 1124 2539; x_wconf 80' lang='lat' dir='ltr'>hostes</span> 
     </span>
     <span class='ocr_line' id='line_1_26' title="bbox 191 2563 965 2642; baseline -0.001 -17"><span class='ocrx_word' id='word_1_168' title='bbox 191 2563 269 2625; x_wconf 88' lang='lat' dir='ltr'>Esse</span> <span class='ocrx_word' id='word_1_169' title='bbox 291 2571 388 2642; x_wconf 78' lang='lat' dir='ltr'>patet,</span> <span class='ocrx_word' id='word_1_170' title='bbox 409 2564 509 2624; x_wconf 88' lang='lat' dir='ltr'>miseri</span> <span class='ocrx_word' id='word_1_171' title='bbox 526 2571 653 2642; x_wconf 80' lang='lat' dir='ltr'>pergunt</span> <span class='ocrx_word' id='word_1_172' title='bbox 673 2564 785 2623; x_wconf 85' lang='lat' dir='ltr'>anteire</span> <span class='ocrx_word' id='word_1_173' title='bbox 806 2564 965 2642; x_wconf 89' lang='lat' dir='ltr'>timentque</span> 
     </span>
     <span class='ocr_line' id='line_1_27' title="bbox 174 2647 1191 2727; baseline 0 -17"><span class='ocrx_word' id='word_1_174' title='bbox 174 2647 260 2710; x_wconf 81' lang='lat' dir='ltr'>‘Non</span> <span class='ocrx_word' id='word_1_175' title='bbox 281 2647 349 2716; x_wconf 91' lang='lat' dir='ltr'>sibi;</span> <span class='ocrx_word' id='word_1_176' title='bbox 372 2657 440 2708; x_wconf 86' lang='lat' dir='ltr'>tunc</span> <span class='ocrx_word' id='word_1_177' title='bbox 460 2657 583 2708; x_wconf 89' lang='lat' dir='ltr'>mortem</span> <span class='ocrx_word' id='word_1_178' title='bbox 603 2647 727 2727; x_wconf 80' lang='lat' dir='ltr'>trepidis</span> <span class='ocrx_word' id='word_1_179' title='bbox 744 2649 908 2722; x_wconf 88' lang='lat' dir='ltr'>minitatnr‚.</span> <span class='ocrx_word' id='word_1_180' title='bbox 926 2657 957 2708; x_wconf 90' lang='lat' dir='ltr'>et</span> <span class='ocrx_word' id='word_1_181' title='bbox 976 2648 1089 2709; x_wconf 83' lang='lat' dir='ltr'>hastam</span> <span class='ocrx_word' id='word_1_182' title='bbox 1140 2657 1191 2710; x_wconf 78' lang='grc'>393</span> 
     </span>
     <span class='ocr_line' id='line_1_28' title="bbox 192 2731 913 2812; baseline -0.006 -18"><span class='ocrx_word' id='word_1_183' title='bbox 192 2731 329 2812; x_wconf 79' lang='lat' dir='ltr'>Expulit,</span> <span class='ocrx_word' id='word_1_184' title='bbox 354 2749 389 2793; x_wconf 93' lang='lat' dir='ltr'>ac</span> <span class='ocrx_word' id='word_1_185' title='bbox 409 2749 501 2792; x_wconf 88' lang='lat' dir='ltr'>vanos</span> <span class='ocrx_word' id='word_1_186' title='bbox 523 2731 582 2792; x_wconf 90' lang='lat' dir='ltr'>alte</span> <span class='ocrx_word' id='word_1_187' title='bbox 604 2732 683 2792; x_wconf 83' lang='lat' dir='ltr'>levat</span> <span class='ocrx_word' id='word_1_188' title='bbox 704 2733 815 2791; x_wconf 82' lang='lat' dir='ltr'>eminus</span> <span class='ocrx_word' id='word_1_189' title='bbox 837 2733 913 2792; x_wconf 90' lang='lat' dir='ltr'>iotns</span> 
     </span>
     <span class='ocr_line' id='line_1_29' title="bbox 192 2815 946 2892; baseline -0.004 -14"><span class='ocrx_word' id='word_1_190' title='bbox 192 2816 344 2878; x_wconf 81' lang='lat' dir='ltr'>Affectans</span> <span class='ocrx_word' id='word_1_191' title='bbox 367 2835 466 2878; x_wconf 86' lang='lat' dir='ltr'>errare</span> <span class='ocrx_word' id='word_1_192' title='bbox 486 2833 601 2884; x_wconf 69' lang='lat' dir='ltr'>manum</span> <span class='ocrx_word' id='word_1_193' title='bbox 624 2817 704 2876; x_wconf 91' lang='lat' dir='ltr'>stetit</span> <span class='ocrx_word' id='word_1_194' title='bbox 726 2816 776 2876; x_wconf 89' lang='lat' dir='ltr'>illa</span> <span class='ocrx_word' id='word_1_195' title='bbox 797 2815 946 2892; x_wconf 68' lang='lat' dir='ltr'>Dymantis</span> 
     </span>
     <span class='ocr_line' id='line_1_30' title="bbox 193 2900 1188 2981; baseline 0 -19"><span class='ocrx_word' id='word_1_196' title='bbox 193 2901 271 2962; x_wconf 89' lang='lat' dir='ltr'>Ante</span> <span class='ocrx_word' id='word_1_197' title='bbox 293 2900 412 2978; x_wconf 81' lang='lat' dir='ltr'>oculos,</span> <span class='ocrx_word' id='word_1_198' title='bbox 436 2902 488 2980; x_wconf 85' lang='lat' dir='ltr'>qui</span> <span class='ocrx_word' id='word_1_199' title='bbox 505 2900 583 2960; x_wconf 80' lang='lat' dir='ltr'>forte</span> <span class='ocrx_word' id='word_1_200' title='bbox 605 2901 685 2980; x_wconf 89' lang='lat' dir='ltr'>prior</span> <span class='ocrx_word' id='word_1_201' title='bbox 704 2909 898 2980; x_wconf 76' lang='lat' dir='ltr'>gressumque</span> <span class='ocrx_word' id='word_1_202' title='bbox 919 2903 1072 2981; x_wconf 86' lang='lat' dir='ltr'>repressit.</span> <span class='ocrx_word' id='word_1_203' title='bbox 1184 2938 1188 2944; x_wconf 85' lang='lat'><strong>·</strong></span> 
     </span>
     <span class='ocr_line' id='line_1_31' title="bbox 193 2985 920 3064; baseline -0.001 -17"><span class='ocrx_word' id='word_1_204' title='bbox 193 2985 235 3047; x_wconf 90' lang='lat' dir='ltr'>At</span> <span class='ocrx_word' id='word_1_205' title='bbox 256 3003 313 3046; x_wconf 92' lang='lat' dir='ltr'>non</span> <span class='ocrx_word' id='word_1_206' title='bbox 332 2987 528 3064; x_wconf 78' lang='lat' dir='ltr'>magnanimus</span> <span class='ocrx_word' id='word_1_207' title='bbox 549 2986 660 3045; x_wconf 81' lang='lat' dir='ltr'>curavit</span> <span class='ocrx_word' id='word_1_208' title='bbox 680 2985 808 3063; x_wconf 90' lang='lat' dir='ltr'>perdere</span> <span class='ocrx_word' id='word_1_209' title='bbox 826 2987 920 3046; x_wconf 88' lang='lat' dir='ltr'>iactus</span> 
     </span>
     <span class='ocr_line' id='line_1_32' title="bbox 193 3067 1192 3150; baseline 0.001 -18"><span class='ocrx_word' id='word_1_210' title='bbox 193 3071 327 3150; x_wconf 77' lang='lat' dir='ltr'>Aepytus</span> <span class='ocrx_word' id='word_1_211' title='bbox 350 3081 380 3130; x_wconf 91' lang='lat' dir='ltr'>et</span> <span class='ocrx_word' id='word_1_212' title='bbox 401 3070 459 3130; x_wconf 87' lang='lat' dir='ltr'>lixo</span> <span class='ocrx_word' id='word_1_213' title='bbox 478 3069 696 3134; x_wconf 85' lang='lat' dir='ltr'>transuerberat</span> <span class='ocrx_word' id='word_1_214' title='bbox 713 3067 829 3148; x_wconf 84' lang='lat' dir='ltr'>lloplea</span> <span class='ocrx_word' id='word_1_215' title='bbox 847 3078 946 3147; x_wconf 79' lang='lat' dir='ltr'>tergo,</span> <span class='ocrx_word' id='word_1_216' title='bbox 961 3103 964 3114; x_wconf 94' lang='lat'>·</span> <span class='ocrx_word' id='word_1_217' title='bbox 1140 3077 1192 3133; x_wconf 77' lang='lat'>400</span> 
     </span>
     <span class='ocr_line' id='line_1_33' title="bbox 193 3153 1026 3234; baseline -0.002 -18"><span class='ocrx_word' id='word_1_218' title='bbox 193 3155 417 3234; x_wconf 88' lang='lat' dir='ltr'>Pendentesque</span> <span class='ocrx_word' id='word_1_219' title='bbox 437 3155 523 3215; x_wconf 86' lang='lat' dir='ltr'>etiam</span> <span class='ocrx_word' id='word_1_220' title='bbox 542 3155 713 3233; x_wconf 87' lang='lat' dir='ltr'>perstrinxit</span> <span class='ocrx_word' id='word_1_221' title='bbox 734 3153 851 3230; x_wconf 77' lang='lat' dir='ltr'>Tydeos</span> <span class='ocrx_word' id='word_1_222' title='bbox 869 3171 976 3216; x_wconf 78' lang='lat' dir='ltr'>muros.</span> <span class='ocrx_word' id='word_1_223' title='bbox 1023 3182 1026 3188; x_wconf 55' lang='lat'><strong><em>¹</em></strong></span> 
     </span>
     <span class='ocr_line' id='line_1_34' title="bbox 192 3238 1017 3340; baseline -0.002 -40"><span class='ocrx_word' id='word_1_224' title='bbox 192 3239 311 3300; x_wconf 83' lang='lat' dir='ltr'>Labitur</span> <span class='ocrx_word' id='word_1_225' title='bbox 333 3240 446 3316; x_wconf 77' lang='lat' dir='ltr'>egregii</span> <span class='ocrx_word' id='word_1_226' title='bbox 468 3239 593 3340; x_wconf 72' lang='lat' dir='ltr'>uonpum</span> <span class='ocrx_word' id='word_1_227' title='bbox 613 3238 694 3299; x_wconf 87' lang='lat' dir='ltr'>ducis</span> <span class='ocrx_word' id='word_1_228' title='bbox 715 3240 856 3300; x_wconf 85' lang='lat' dir='ltr'>inmemor</span> <span class='ocrx_word' id='word_1_229' title='bbox 874 3238 1017 3318; x_wconf 86' lang='lat' dir='ltr'>Hopleus,</span> 
     </span>
     <span class='ocr_line' id='line_1_35' title="bbox 192 3323 1076 3404; baseline -0.001 -19"><span class='ocrx_word' id='word_1_230' title='bbox 192 3323 375 3404; x_wconf 84' lang='lat' dir='ltr'>Expiratque</span> <span class='ocrx_word' id='word_1_231' title='bbox 395 3332 516 3400; x_wconf 88' lang='lat' dir='ltr'>tenens,</span> <span class='ocrx_word' id='word_1_232' title='bbox 537 3323 626 3398; x_wconf 78' lang='lat' dir='ltr'>felix,</span> <span class='ocrx_word' id='word_1_233' title='bbox 650 3325 675 3382; x_wconf 93' lang='lat' dir='ltr'>si</span> <span class='ocrx_word' id='word_1_234' title='bbox 696 3341 804 3402; x_wconf 90' lang='lat' dir='ltr'>corpus</span> <span class='ocrx_word' id='word_1_235' title='bbox 824 3323 988 3403; x_wconf 85' lang='lat' dir='ltr'>ademptum</span> <span class='ocrx_word' id='word_1_236' title='bbox 1073 3375 1076 3383; x_wconf 92' lang='lat'>.</span> 
     </span>
     <span class='ocr_line' id='line_1_36' title="bbox 192 3407 970 3470; baseline -0.003 -1"><span class='ocrx_word' id='word_1_237' title='bbox 192 3407 314 3470; x_wconf 86' lang='lat' dir='ltr'>Nesciat</span> <span class='ocrx_word' id='word_1_238' title='bbox 335 3426 372 3469; x_wconf 90' lang='lat' dir='ltr'>ac</span> <span class='ocrx_word' id='word_1_239' title='bbox 392 3425 496 3469; x_wconf 86' lang='lat' dir='ltr'>saevas</span> <span class='ocrx_word' id='word_1_240' title='bbox 517 3408 585 3470; x_wconf 82' lang='lat' dir='ltr'>talis</span> <span class='ocrx_word' id='word_1_241' title='bbox 606 3408 767 3469; x_wconf 86' lang='lat' dir='ltr'>descendat</span> <span class='ocrx_word' id='word_1_242' title='bbox 788 3409 823 3469; x_wconf 90' lang='lat' dir='ltr'>ad</span> <span class='ocrx_word' id='word_1_243' title='bbox 844 3407 970 3468; x_wconf 87' lang='lat' dir='ltr'>umbras.</span> 
     </span>
     <span class='ocr_line' id='line_1_37' title="bbox 257 3490 1193 3570; baseline 0.002 -18"><span class='ocrx_word' id='word_1_244' title='bbox 257 3493 379 3555; x_wconf 88' lang='lat' dir='ltr'>Viderat</span> <span class='ocrx_word' id='word_1_245' title='bbox 398 3490 457 3552; x_wconf 88' lang='lat' dir='ltr'>boc</span> <span class='ocrx_word' id='word_1_246' title='bbox 475 3503 558 3563; x_wconf 89' lang='lat' dir='ltr'>retro</span> <span class='ocrx_word' id='word_1_247' title='bbox 576 3510 738 3552; x_wconf 84' lang='lat' dir='ltr'>conversus</span> <span class='ocrx_word' id='word_1_248' title='bbox 759 3502 789 3552; x_wconf 91' lang='lat' dir='ltr'>et</span> <span class='ocrx_word' id='word_1_249' title='bbox 805 3493 920 3570; x_wconf 72' lang='lat' dir='ltr'>agmina</span> <span class='ocrx_word' id='word_1_250' title='bbox 938 3493 1027 3552; x_wconf 89' lang='lat' dir='ltr'>sentit</span> <span class='ocrx_word' id='word_1_251' title='bbox 1140 3499 1193 3554; x_wconf 76' lang='lat' dir='ltr'>lod</span> 
     </span>
     <span class='ocr_line' id='line_1_38' title="bbox 192 3576 1077 3655; baseline -0.003 -16"><span class='ocrx_word' id='word_1_252' title='bbox 192 3578 294 3640; x_wconf 89' lang='lat' dir='ltr'>Iuncta</span> <span class='ocrx_word' id='word_1_253' title='bbox 315 3578 441 3653; x_wconf 74' lang='lat' dir='ltr'>Dymas,</span> <span class='ocrx_word' id='word_1_254' title='bbox 464 3576 568 3637; x_wconf 87' lang='lat' dir='ltr'>dubius</span> <span class='ocrx_word' id='word_1_255' title='bbox 589 3577 767 3655; x_wconf 87' lang='lat' dir='ltr'>precibusne</span> <span class='ocrx_word' id='word_1_256' title='bbox 787 3577 914 3653; x_wconf 88' lang='lat' dir='ltr'>subiret,</span> <span class='ocrx_word' id='word_1_257' title='bbox 937 3577 1077 3638; x_wconf 73' lang='lat' dir='ltr'>enormis</span> 
     </span>
     <span class='ocr_line' id='line_1_39' title="bbox 191 3660 928 3742; baseline -0.003 -18"><span class='ocrx_word' id='word_1_258' title='bbox 191 3661 351 3729; x_wconf 75' lang='lat' dir='ltr'>luctantes:</span> <span class='ocrx_word' id='word_1_259' title='bbox 378 3679 456 3722; x_wconf 86' lang='lat' dir='ltr'>arma</span> <span class='ocrx_word' id='word_1_260' title='bbox 478 3662 520 3722; x_wconf 93' lang='lat' dir='ltr'>ira</span> <span class='ocrx_word' id='word_1_261' title='bbox 542 3660 641 3729; x_wconf 70' lang='lat' dir='ltr'>dabam</span> <span class='ocrx_word' id='word_1_262' title='bbox 666 3661 781 3722; x_wconf 83' lang='lat' dir='ltr'>fortuna</span> <span class='ocrx_word' id='word_1_263' title='bbox 801 3663 928 3742; x_wconf 80' lang='lat' dir='ltr'>precari,</span> 
     </span>
    </p>
   </div>
   <div class='ocr_carea' id='block_1_3' title="bbox 0 0 1430 4300">
    <p class='ocr_par' dir='ltr' id='par_1_3' title="bbox 0 0 1430 4300">
     <span class='ocr_line' id='line_1_40' title="bbox 0 0 1430 4300; baseline 0 0"><span class='ocrx_word' id='word_1_264' title='bbox 0 0 1430 4300; x_wconf 95' lang='lat' dir='ltr'> </span> 
     </span>
    </p>
   </div>
  </div>
 </body>
</html>
