2842 4300
511 360 761 448 ''smvnnnu'n.
784 375 822 423 11.

176 534 317 596 Odirum
341 533 454 595 scelus!
477 549 495 594 o
518 533 629 594 scelus!
649 529 791 593 tacebis?
897 527 920 545 ·’
1105 532 1110 548 ·

239 620 290 680 Sic
311 618 370 680 fata
390 629 435 680 est
456 618 621 697 leviterque
643 615 814 680 decidentes

173 705 296 766 Abrasit
315 704 450 765 lacrimas
471 704 580 764 nitente
603 702 730 782 plectro.
844 709 848 717 “

239 789 280 849 At
302 798 429 866 tu,·seu
450 789 582 868 rapidum
601 785 664 866 poli
686 805 741 866 per
762 805 847 847 axem
961 786 965 795 '
1001 783 1006 811 ¹

173 873 282 936 Famae
303 872 434 934 curribus
456 873 553 934 arduis
574 872 699 948 levatus,

174 959 240 1034 Qua
262 967 382 1038 surgunt
406 958 518 1020 animae
538 957 732 1038 potentiores,

133 1067 140 1080 “
174 1045 284 1106 Terras
307 1043 436 1123 despicis
459 1051 488 1104 et
510 1041 648 1122 sepulcra
669 1039 760 1117 rides,

173 1132 234 1190 Son
256 1130 339 1210 pacis
361 1129 464 1188 merito
485 1145 585 1188 nemus
604 1125 751 1188 reclusum

173 1214 260 1276 Felix
282 1213 383 1289 elysiis
404 1222 488 1274 tenes
507 1213 536 1272 iu
558 1212 629 1289 oris,
746 1201 752 1215 '

174 1299 240 1374 Quo
263 1296 537 1360 Pharsalica.turba
556 1303 764 1375 congregatur,

174 1383 212 1445 llt
234 1391 264 1444 te
286 1382 386 1444 nobile
406 1401 523 1444 carmen
544 1384 726 1442 insonantem
773 1368 778 1387 '

174 1467 307 1548 Pompeii
331 1469 501 1528 comitantur
523 1477 553 1528 et
576 1463 720 1527 Catones:
744 1499 785 1509 -

174 1553 217 1614 'lu
238 1569 344 1631 magna
366 1571 451 1614 sacer
473 1561 502 1613 et
524 1550 667 1632 superbus
688 1548 789 1610 umbra

174 1637 283 1701 Nescis
303 1646 432 1698 tartaron
453 1646 482 1697 et
504 1637 607 1718 procul
629 1641 783 1696 nocentum
859 1716 866 1726 ¹
1029 1624 1062 1724 ¹¹
1155 1708 1158 1715 p

172 1723 266 1783 Audis
287 1721 414 1783 verbera
434 1721 630 1802 pallidumque
652 1722 715 1782 visa

172 1806 273 1868 blatris
294 1806 428 1884 lampade
449 1808 574 1886 respicis
596 1803 755 1881 Neronem,
776 1839 816 1853 —

238 1891 328 1952 Adsis
345 1889 459 1952 lucidus
481 1901 510 1952 et
527 1901 653 1955 vocante
675 1889 757 1952 Polla

173 1976 285 2054 Unum,
307 1993 437 2056 quaeso,
459 1975 535 2038 diem
557 1975 630 2038 deos
651 1975 787 2036 silentum

171 2061 307 2124 Exores:
332 2060 408 2124 solet
429 2060 487 2122 boc
506 2070 609 2141 patere
631 2061 720 2123 limen
765 2122 769 2133 ,

172 2147 220 2209 Ad
241 2155 345 2227 nuptas
366 2146 557 2210 redeuntibus
578 2147 699 2212 maritis.

239 2230 321 2293 Haec
341 2240 371 2292 te
391 2249 450 2293 nou
470 2230 582 2309 thyasis
600 2250 715 2313 procax
735 2231 848 2296 dolosis

171 2316 253 2377 Falci
272 2316 395 2377 numinis
414 2316 505 2379 induit
524 2318 627 2397 ligura,

173 2402 273 2480 lpsum
295 2401 349 2461 sed
372 2401 444 2463 colit
466 2411 496 2464 et
520 2403 687 2485 frequentat
708 2403 803 2484 ipsum

170 2486 241 2549 luis
261 2484 349 2547 altius
366 2486 482 2549 insitum
500 2487 665 2567 medullis,

172 2571 219 2631 Ac
241 2570 348 2632 solatia
368 2590 443 2633 uana
461 2571 656 2635 subministrat
699 2630 702 2637 .

171 2654 296 2733 Vultus,
319 2657 368 2735 qui
386 2657 471 2718 simili
492 2665 607 2719 notatos
628 2670 698 2720 auro
755 2651 759 2656 ’

172 2736 461 2821 scratis‘praenicec‚
484 2740 659 2821 incubatque
681 2758 783 2803 somno

172 2826 315 2887 Securae.
358 2824 465 2888 Procul
487 2824 554 2888 hinc
574 2825 653 2889 abite
675 2834 797 2902 mortes,

139 2904 156 2931 '
171 2908 255 2981 Haec
277 2911 356 2971 vitae
374 2909 511 2989 genitalis
531 2920 577 2972 est
598 2911 693 2990 origo.

172 2988 268 3056 Cedat
289 2994 385 3057 luctus
406 3004 491 3057 atrox
511 2996 655 3075 genisque
677 3004 794 3059 manent
889 3047 894 3056 .
988 2954 1015 3031 ,²
1054 2963 1083 2978 '¹

170 3079 230 3141 lam
252 3079 356 3141 dulces
377 3079 532 3157 lacrimae,
553 3080 702 3160 dolorque.
716 3080 809 3141 festus

172 3163 320 3247 Quidquid
337 3165 461 3228 fleverat
482 3172 565 3243 ante,
587 3183 662 3234 nun„
682 3166 796 3230 ,pomp
905 3227 909 3236 ,
1005 3123 1022 3224 Ι’
1096 3135 1119 3146 ··

215 3784 352 3831 oramus
373 3786 394 3829 1.
