2842 4300
484 384 684 435 mactmus
706 386 776 435 cm.
797 386 846 434 11.
1104 376 1165 438 237
1287 417 1291 423 ·

165 542 233 621 lpse
256 558 312 603 nec
332 540 439 603 Ismeni
461 542 558 621 ripas,
580 543 646 603 dum
666 550 769 620 stagna
790 553 923 605 cruentat

165 626 385 707 Hippomedon,
409 626 511 703 Tyrias
533 628 615 706 potui
635 644 693 687 nec
714 628 858 689 scandere
878 638 986 705 turres,
1115 640 1168 695 180

166 712 241 772 Dum
263 720 359 789 tonat,
383 721 413 772 et
433 721 546 787 tecum,
569 710 726 791 Capaneu,
751 717 877 775 miscere
898 711 1040 775 furores?

167 796 239 871 Quis
259 805 354 857 tantus
376 814 430 876 pro
449 796 516 857 lucc
538 794 645 856 timori
667 796 720 857 sed
741 798 828 875 digna
847 799 1015 878 rependam.

169 880 349 943 Conveniam
369 881 543 959 ubicumque
565 898 652 943 nurus
672 891 839 961 matresque
859 883 1003 961 Pelasgae

166 966 374 1045 longaevique
395 974 512 1045 patres,
536 983 657 1044 quorum
677 975 722 1027 tot
742 967 847 1045 gaudia
870 970 967 1048 carpsi

169 1050 334 1129 orbavique
356 1051 474 1119 domum
498 1050 579 1110 fratri
600 1068 760 1128 concurro,
783 1052 852 1131 quid
873 1052 948 1113 ultra
970 1052 1036 1114 est?
1116 1067 1165 1120 185

167 1136 310 1215 spectent
331 1146 361 1196 et
382 1137 459 1196 votis
477 1136 620 1196 uictorem
642 1135 786 1197 Eteoclea
806 1146 941 1216 poscant.

166 1218 284 1298 lamque
305 1220 390 1297 vale,
415 1222 537 1296 coniux,
560 1220 722 1300 dulcesque
742 1222 841 1282 valete
860 1220 1013 1297 llyeenae.

168 1304 207 1365 nt
227 1313 274 1381 tu,
298 1324 366 1367 care
389 1322 492 1382 socer,
511 1338 554 1351 -·
573 1324 630 1366 nec
650 1308 726 1366 enim
748 1308 842 1367 omnis
860 1306 946 1386 culpa
965 1308 1105 1370 malornm

167 1388 215 1449 ille
235 1408 344 1469 penes,
367 1399 398 1450 et
419 1391 519 1470 superi
536 1409 649 1451 mecum
669 1390 840 1472 Parcaeque
860 1402 1002 1455 nocentes
1024 1428 1065 1441 -

168 1474 216 1535 Sis
239 1474 313 1535 lenis
335 1476 443 1550 cineri,
467 1492 573 1554 meque
595 1476 671 1536 haec
690 1486 761 1555 post
783 1476 895 1556 proelia
912 1487 1026 1558 raptum
1117 1493 1168 1547 190

167 1558 294 1619 Alitibus
311 1559 453 1639 lratrique
474 1568 560 1638 tegas
580 1578 711 1641 urnaque
730 1571 878 1640 reportes.

166 1642 231 1703 lloc
253 1652 376 1721 tantum,
400 1654 430 1705 et
450 1653 535 1705 natae
557 1645 660 1705 melius
680 1645 804 1706 conubia
826 1647 952 1725 iungas?

232 1726 315 1789 lbant
336 1730 365 1788 in
386 1729 537 1803 lacrimas,
559 1730 650 1790 veluti
671 1748 758 1808 quum
774 1750 847 1791 uere
868 1750 991 1793 reverso

166 1812 314 1875 Bistoniae
336 1823 462 1894 tepuere
481 1814 581 1888 nivea,
604 1814 779 1875 submittitur
796 1818 901 1893 ingens

165 1896 309 1974 Haemus,
333 1908 362 1958 ct
381 1907 520 1975 angustos
539 1897 684 1978 Rhodope
704 1899 857 1960 descendit
878 1902 907 1960 in
926 1920 1034 1964 amnes.
1118 1916 1168 1969 195

168 1981 319 2061 Coeperat
340 1993 369 2043 et
392 1983 449 2042 leni
472 1984 571 2042 senior
590 1984 721 2044 mulcere
741 1985 885 2045 furentem

166 2067 323 2145 Alioquin:
351 2067 436 2128 scidit
457 2084 524 2127 orsa
546 2084 622 2128 novo
644 2078 760 2129 terrore
781 2079 901 2130 cruenta

166 2150 322 2228 Eumenis,
346 2153 551 2232 alipedemque
569 2155 658 2234 pitum
678 2154 836 2234 fataliaque
856 2173 944 2233 arma,

166 2236 303 2297 Protinus
326 2235 434 2297 lnacbii
451 2237 547 2298 vultus
568 2255 711 2318 expressa
732 2239 858 2300 Perinthi

168 2319 282 2382 Obtulit
301 2339 337 2383 ac
358 2321 430 2382 fidas
453 2322 579 2383 exclusit
600 2324 718 2385 casside
736 2341 839 2384 voces.
1118 2338 1171 2393 too

167 2405 213 2465 Ac
237 2424 329 2551 subest
351 2406 439 2466 haec:
465 2406 628 2487 ‘Abrumpe
648 2425 761 2470 moras:
784 2409 963 2486 celeremus,
987 2419 1017 2470 et
1036 2411 1115 2471 illum

167 2489 274 2551 Adven
323 2491 454 2552 cierunt
474 2493 588 2570 portis'
627 2493 677 2553 Sic
700 2496 795 2554 omnia
816 2494 887 2554 vicit

170 2573 406 2655 Correptumque
425 2576 524 2637 iniecit
545 2595 637 2657 equo;
661 2579 744 2639 volat
763 2595 894 2657 aequore
913 2586 1017 2656 aperto

168 2658 298 2721 Pallidus
319 2661 532 2740 instantemque
553 2663 627 2722 deae
650 2664 848 2742 circumspicit
868 2661 1006 2722 mnbram.

235 2745 327 2805 Sacra
347 2743 410 2805 lovi
431 2747 535 2805 merito
558 2745 663 2822 Tyrius
683 2764 739 2826 pro
760 2747 879 2806 fulmine
901 2747 1005 2807 ductor
1120 2759 1171 2812 205

167 2828 371 2910 Neqnicquam
390 2828 508 2892 Danaos
528 2840 606 2890 ratus
627 2849 796 2892 exarmasse
817 2830 943 2892 ferebat.

168 2915 235 2976 Nec
258 2923 342 2994 pater
363 2913 511 2975 aetherius
530 2915 685 2995 divumque
705 2917 758 2977 lras
778 2917 855 2976 ullus
877 2915 913 2976 ad
934 2933 1012 2992 aras,

170 2999 232 3061 Sed
255 2998 331 3058 mala
353 2997 511 3078 'lisipbone
531 3001 655 3079 trepidis
674 3003 782 3062 inserta
803 3002 940 3062 ministris

170 3084 279 3146 Adstat
300 3091 330 3142 et
351 3082 465 3144 inierno
488 3085 648 3164 praevertit
669 3096 738 3146 vota
758 3086 893 3146 Tonanti.

235 3168 371 3227 ‘Summe
386 3167 487 3244 deum,
506 3167 557 3230 tibi
568 3187 691 3249 namque
701 3189 786 3232 meae
798 3169 954 3250 primordia
965 3169 1096 3247 Thebae,
1120 3180 1173 3235 210

169 3253 275 3312 Liveat
295 3251 440 3312 iniandum
462 3253 532 3314 lieet
550 3252 648 3332 Argos
667 3265 698 3316 et
715 3273 822 3335 aspera
844 3255 926 3331 luno,

169 3336 307 3412 Debent,
331 3335 466 3397 Sidonios
489 3356 527 3398 ex
550 3355 607 3417 quo
630 3358 685 3420 per
706 3340 792 3401 litora
813 3349 915 3419 raptor

171 3419 310 3481 Turbasti
330 3420 469 3498 thyasos,
490 3424 624 3501 dignatus
642 3426 757 3504 virgine
777 3435 877 3486 nostra

171 3505 271 3582 Terga
293 3506 385 3584 premi
404 3515 433 3565 et
452 3507 584 3584 placidas
607 3508 711 3570 lalsum
730 3511 842 3588 mugire
865 3527 920 3590 per
940 3511 1046 3572 nudas!

170 3589 237 3649 Nec
257 3597 287 3649 te
305 3605 378 3650 vana
398 3589 487 3666 fides,
508 3593 611 3652 iterum
631 3591 769 3656 Cadmeia
789 3595 925 3675 adeptum
1050 3665 1056 3679 ¹
1122 3605 1174 3658 tlt

172 3672 322 3752 Conubia,
345 3683 375 3734 et
395 3673 500 3751 Tyrios
523 3679 638 3740 ninnium
657 3679 804 3760 inrupisse
825 3690 958 3760 penates.
