2842 4300
239 303 299 366 130
571 316 604 364 e.
626 313 761 365 Puerum
781 312 897 364 suern

237 470 404 550 Promerui,
426 482 633 551 ne,'quaeso,
656 474 735 535 sinas
755 470 814 534 hoa
830 472 926 534 omine
947 468 1063 532 'lbebas

237 555 302 637 lre,
324 576 381 619 neo
401 556 546 619 Arcadiae
568 565 676 619 tantum
696 558 840 619 memissa
861 555 1024 636 pudorem'

305 642 440 705 Auditum
460 642 612 703 manifesta
633 643 726 713 lides;
745 644 797 703 vin
817 658 935 721 campus
956 650 1071 703 euntem

238 729 350 805 Sentit,
374 736 404 788 et
423 727 510 788 exilis
531 726 637 807 plantis
659 730 814 789 intervenit
830 746 894 804 uer,

236 812 373 892 Raraque
393 829 451 872 non
471 812 565 873 iraoto
585 814 710 891 vestigia
728 813 851 893 puluere
870 809 1010 891 pendent,
1186 818 1240 873 fito

234 897 345 977 Inrupit
366 897 495 958 elamore
516 898 615 974 iores,
641 897 770 959 damme
791 897 916 959 recurrit

235 983 313 1043 Ante
336 982 439 1043 dueem
460 1000 625 1061 prensaque
646 982 725 1043 levat
747 982 873 1061 suspiria
893 979 999 1060 palma.

236 1066 321 1129 Finiti
345 1085 463 1143 cursus,
487 1084 669 1146 operumque
690 1069 815 1146 insignia
835 1074 966 1145 praesto.

235 1152 331 1213 Areas
353 1170 459 1231 equum
477 1152 569 1229 deuo,
592 1152 719 1232 elipeum
739 1154 816 1231 gerit
837 1148 979 1229 inprobus
999 1147 1077 1225 ldas,
1199 1144 1206 1165 ¹

237 1234 346 1297 Cetera
365 1235 451 1315 plebs
472 1234 568 1313 Lyciis
590 1238 669 1299 vadit
687 1246 822 1298 commuta
840 1234 996 1315 pharetris.
1182 1242 1238 1297 645

298 1321 379 1383 Tune
400 1330 503 1399 vocat,
525 1323 632 1383 emisso
658 1324 683 1382 si
704 1324 769 1402 quia
786 1322 950 1383 decernere
971 1318 1054 1379 diseo

234 1407 356 1487 inpiger
378 1415 408 1466 et
427 1407 505 1465 vires
526 1406 599 1467 velit
620 1416 769 1468 ostentare
790 1404 944 1485 superbas.
1063 1423 1065 1428 ·
1141 1457 1146 1466 .

234 1492 261 1554 lt
283 1492 379 1551 iussus
400 1490 551 1569 Pterelas,
574 1501 604 1553 et
625 1491 737 1553 aheuue
761 1490 872 1552 lubrice
891 1506 1006 1549 massae

234 1575 369 1639 Pondere
389 1576 438 1635 vix
456 1584 518 1636 toto
543 1585 677 1637 eurvatm
699 1593 826 1655 corpore
846 1576 926 1635 iuxtu

234 1659 347 1729 Deieit;
371 1660 534 1739 inspectent
554 1662 634 1721 taeiti
653 1662 879 1740 expenduntque
900 1658 1033 1719 laborem
1183 1666 1239 1721 650

233 1742 408 1822 insolidus,
429 1761 498 1805 mex
518 1744 603 1805 turba
624 1754 723 1822 ruunt,
744 1745 801 1807 dno
823 1745 920 1823 gantis
938 1743 1089 1820 Aebaeae,

235 1828 311 1890 Tres
329 1827 549 1908 Ephyreiadae,
572 1828 638 1891 Pisa
659 1840 740 1891 setus
761 1849 852 1907 uuus,
874 1827 1011 1889 Acarnan

236 1916 400 1992 Septimus3
422 1922 451 1975 et
472 1914 574 1993 plures
596 1914 725 1993 agitabat
739 1915 854 1993 gloria,
875 1914 905 1973 ui
928 1931 963 1973 se
1329 1903 1331 2039 1

234 1999 352 2059 Arduus
373 1998 577 2079 Hippomedon
598 2018 690 2061 eavea
710 2000 874 2061 stimulante
893 1998 1008 2059 tulisset

234 2081 268 2144 ln
290 2084 419 2160 medios,
440 2083 558 2164 lateque
580 2084 680 2145 ferens
702 2084 756 2145 sub
774 2094 899 2165 pectore
912 2082 1017 2146 dextro
1077 2114 1080 2119 ·
1184 2092 1237 2147 665

237 2167 348 2230 Orbem
366 2168 469 2230 alium:
490 2168 589 2230 ‘llune
611 2171 726 2249 potius,
748 2171 887 2246 invenes,
909 2169 959 2248 qui
978 2167 1093 2230 moenia
1114 2167 1194 2230 saxis

234 2251 404 2332 Frangere,
428 2255 478 2334 qui
499 2253 601 2330 Tyrias
625 2253 770 2316 deieetem
785 2255 890 2316 raditis
913 2271 1010 2329 arces,

235 2336 320 2399 lluno
337 2339 446 2416 rapite:
469 2347 514 2398 ast
534 2339 605 2400 illud
627 2339 674 2399 oui
694 2356 753 2399 uon
773 2338 928 2400 iaculabile
948 2337 1071 2398 dextrae
1328 2359 1332 2437 q

235 2418 393 2494 Pondus'l'
432 2421 470 2482 lit
490 2421 642 2502 abreptum
661 2424 743 2484 nullo
764 2425 916 2484 eonamino
938 2423 1010 2484 iaeit
1330 2454 1331 2479 3

237 2505 271 2569 ln
296 2506 386 2576 latus;
409 2505 551 2568 absistunt
573 2507 677 2585 procul
696 2509 867 2588 attonitique
888 2509 1015 2568 fatentur
1183 2515 1238 2572 666

239 2589 369 2659 Cedere:
392 2591 442 2651 vix
463 2610 535 2652 onus
554 2591 701 2670 Phlegyas
718 2611 848 2672 aoerqne
869 2591 1059 2654 Menestheus
1080 2623 1124 2638 -
1186 2639 1193 2649 .

236 2675 299 2738 llos
321 2677 407 2737 etiam
428 2676 522 2756 pudor
545 2685 575 2737 et
595 2679 690 2755 magui
710 2687 833 2742 tenuere
855 2685 993 2757 parentes
1010 2709 1053 2722 -

237 2759 403 2823 Promisere
423 2779 551 2830 munum;
572 2763 720 2823 eoneessit
738 2772 838 2824 setara
854 2761 955 2841 pubes·

237 2847 367 2925 Sponte,
392 2855 422 2907 et
442 2845 563 2906 adorato
584 2847 671 2908 rediit
689 2848 814 2926 ingloria
834 2847 927 2908 diseo.

238 2929 341 3004 Qualis
359 2929 496 2990 Bistoniis
519 2931 631 3010 elipeus
650 2931 789 2992 blavortis
810 2933 839 2992 in
858 2933 937 2992 arvis
1184 2939 1237 2994 665

237 3013 315 3075 Luae
339 3014 415 3075 mala
435 3014 570 3094 Pangaea
591 3015 660 3076 ierit
680 3017 834 3096 solemque
855 3015 1007 3092 refulgens

240 3098 366 3160 Territat
386 3100 560 3180 incussaque
579 3100 626 3162 dei
647 3119 739 3180 grave
757 3103 849 3178 mugit
869 3100 907 3161 ab
927 3099 1021 3160 hesta.

300 3182 419 3244 Pisaeus
440 3184 587 3264 Phlegyas
604 3203 678 3265 opus
696 3186 827 3262 inchoat,
852 3194 883 3244 et
902 3185 988 3245 simul
1008 3203 1109 3246 amnes

238 3268 368 3328 Abstulit
389 3270 417 3329 in
438 3289 472 3330 se
490 3271 596 3332 oeulos
617 3271 760 3332 exhausto
782 3287 910 3348 corpore
929 3271 1021 3330 virtus

238 3352 394 3414 Promissa.
429 3353 474 3414 Ae
494 3357 615 3434 primum
635 3365 715 3416 terra
738 3356 907 3434 discumque
929 3373 1100 3434 manumque
1185 3363 1238 3420 aaa

239 3437 385 3516 Asperat,
408 3457 534 3500 excussu
555 3458 624 3502 mox
643 3443 753 3502 eireum
773 3440 895 3520 pulvere
916 3450 1027 3516 versat,

236 3521 327 3594 'Quod
348 3522 422 3584 latus
443 3525 473 3584 in
493 3524 616 3603 digitos,
635 3525 749 3587 mediae
771 3525 849 3604 quod
871 3528 980 3587 oertius
1002 3526 1087 3587 ulnae

241 3603 419 3679 conveniam
442 3626 499 3670 nen
520 3610 591 3672 artis
612 3628 722 3693 eqens,
743 3609 791 3672 hie
810 3629 929 3693 semper
948 3614 1040 3673 amari
