2842 4300
484 361 685 411 susumus
703 363 776 413 nnn.
795 365 856 412 un.
1111 353 1170 417 143

169 518 246 581 Vela
267 518 372 596 fluunt,
394 517 454 581 laxi
474 519 617 583 iactantur
637 518 746 599 ubique
765 518 915 584 rudentes·

168 604 289 685 lamque
309 612 407 667 natant
426 605 514 681 remi,
537 612 617 665 nutat
638 605 731 665 omnis
753 607 784 665 in
804 623 935 686 aequore
955 624 1065 671 snnuuo

168 690 303 766 Ancora,
325 690 382 750 iam
403 687 497 751 dulcis
517 687 604 749 medii
626 688 663 751 de
683 691 800 768 gurgite
822 692 904 770 ponti

168 774 339 853 Respicitur
360 772 448 835 tellus
470 773 651 853 comitesque
672 792 689 835 a
710 792 810 854 puppe
831 775 938 837 relicti.

233 858 356 919 Viderat
373 857 505 919 Inachias
527 858 658 936 rapidum
679 858 847 937 glomerare
867 860 1007 925 colrortes
1118 874 1169 931 lto

169 943 304 1008 Bacchus
322 944 393 1012 iter;
415 944 525 1021 gemuit
542 941 657 1019 Tyriam
679 960 840 1005 conversus
860 945 897 1007 ad
918 946 1031 1025 urbem,

167 1029 371 1108 Altrieemque
393 1027 507 1089 domum
525 1035 555 1089 et
574 1028 685 1107 patrios
706 1029 901 1091 reminiscitur
919 1031 1015 1110 ignes,

168 1114 350 1193 Purpureum
370 1112 446 1173 tristi
467 1110 597 1174 turbatus
618 1121 743 1191 pectore
761 1113 887 1175 vultum:

167 1197 237 1260 Non
259 1199 374 1275 crines,
392 1214 451 1257 non
471 1206 550 1259 serta
569 1196 657 1273 loco,
679 1196 871 1279 dextrumque
891 1200 1012 1280 reliquit

169 1282 317 1360 Thyrsus,
341 1292 371 1343 et
392 1283 518 1343 intactae
538 1280 707 1343 oeciderunt
724 1283 862 1345 cornibus
882 1302 967 1346 uvae.
1117 1301 1170 1355 150

167 1366 253 1446 Ergo
274 1376 306 1429 nt
327 1376 390 1429 erat
410 1366 536 1429 lacrimis
556 1364 701 1446 lapsoque
720 1367 880 1429 inhonorus
899 1371 1005 1433 amictu

169 1452 249 1513 Ante
269 1451 369 1513 lovem
390 1484 432 1497 -
452 1460 482 1511 et
503 1460 571 1511 tunc
593 1450 670 1511 forte
692 1452 792 1531 polum
812 1463 946 1515 secretus
967 1456 1147 1521 habebat-—

170 1535 325 1614 constitit,
346 1535 421 1598 haud
442 1553 574 1615 umquam
595 1535 672 1597 facie
694 1547 872 1617 conspectus
889 1538 919 1600 in
939 1539 1004 1611 illa;

168 1620 236 1683 Nec
257 1638 365 1682 causac
386 1620 499 1683 latuere
516 1630 644 1700 patrem,
667 1622 854 1702 supplexque
874 1624 1019 1703 prolator:

234 1704 430 1767 ‘Excindisue
451 1714 530 1783 tuas,
551 1705 646 1767 duum
664 1716 745 1769 sator
765 1709 891 1787 optime,
912 1708 1049 1775 Thebas?
1116 1724 1168 1779 155

168 1793 267 1855 Saeva
286 1791 361 1853 adeo
383 1787 511 1851 coniux?
531 1808 587 1851 nec
607 1800 637 1851 te
659 1792 775 1853 telluris
795 1802 906 1854 amatae

100 1939 104 1947 ,
165 1875 356 1955 Deceptique
375 1874 445 1937 laris
465 1876 584 1935 miseret
604 1877 792 1954 cinerumque
808 1877 962 1939 meorum?

167 1960 262 2036 Esto,
282 1960 351 2021 olim
370 1960 488 2023 inritum
509 1960 650 2021 iaculatus
671 1960 796 2022 nubibus
815 1962 913 2039 ignem

169 2042 342 2107 Credimus:
368 2063 405 2105 en
426 2045 529 2107 iterum
550 2053 613 2105 atra
634 2045 730 2106 refers
747 2042 882 2107 incendia'
902 2050 999 2126 terris,

167 2128 236 2192 Nec
258 2130 349 2208 Styge
370 2130 481 2208 iurata,
503 2146 559 2190 nec
578 2129 694 2210 pellicis
714 2139 777 2192 arte
796 2138 927 2210 rogatus.
1117 2146 1169 2204 lto

169 2215 246 2290 Quis
267 2211 390 2276 modus?
416 2233 452 2276 au
472 2213 556 2278 nobis
577 2225 661 2295 pater
681 2215 829 2294 iratusque
851 2215 1005 2299 bonusque

167 2299 293 2364 Fulmen
309 2297 425 2362 habes?
465 2299 525 2362 Sed
546 2317 604 2360 uon
623 2299 753 2362 Danaeia
772 2301 869 2362 limina
888 2302 956 2364 talis

167 2384 413 2465 Parrhasiumque
433 2403 534 2446 nemus
554 2384 745 2464 Ledaeasque
764 2385 821 2446 ibis
842 2385 991 2464 Amyclas.

167 2469 294 2534 Scilicet
314 2487 331 2530 e
351 2470 462 2530 cunctis
483 2486 541 2547 eqo
558 2469 777 2548 neglectissima
794 2471 869 2532 natis

76 2597 77 2606 ι
166 2551 354 2633 Progenies?
375 2572 433 2633 ego
455 2572 560 2634 nempe
580 2563 690 2632 tamen,
714 2557 764 2634 qui
784 2555 872 2617 dulce
891 2555 998 2618 terenti
1118 2565 1169 2622 165

76 2709 77 2722 q
167 2639 289 2702 Pondus
310 2657 406 2717 eram,
429 2641 475 2700 cui
494 2648 524 2700 tn
542 2639 676 2717 dignatus
697 2639 794 2700 limina
814 2641 892 2700 vitae

76 2723 77 2748 ³
167 2723 417 2805 Praereptumque
437 2725 493 2786 iter
514 2733 544 2784 et
560 2733 708 2786 maternos
728 2724 856 2784 reddere
877 2742 1004 2786 meuses.

167 2808 274 2885 Adde,
295 2808 374 2888 quod
389 2807 507 2870 inbellis
526 2809 659 2887 rarisque
680 2809 811 2870 exercita
831 2809 935 2870 castris

169 2892 269 2954 'lnrha
290 2911 370 2954 meas
388 2894 479 2970 acies,
501 2911 566 2954 mea
584 2901 692 2954 tanturn
714 2893 828 2972 proelia
845 2903 960 2971 norunt,

168 2975 302 3039 Nectere
321 2977 426 3040 iroude
447 2994 546 3040 comas
564 2985 594 3038 et
614 2977 651 3038 ad
670 2978 808 3057 inspirata
830 2979 921 3038 rotari
1118 2989 1170 3046 170

169 3061 269 3139 Bura,
292 3063 392 3124 timent
412 3062 531 3139 thyrsos
552 3071 703 3143 nuptarum
722 3071 754 3125 et
774 3063 889 3141 proelia
908 3072 1039 3126 matrum.

170 3145 257 3208 Unde
278 3146 362 3209 tubas
383 3145 563 3227 Martemque
583 3144 663 3226 pati?
684 3148 755 3227 quin
774 3147 904 3210 iervidus
922 3166 997 3210 ecce

171 3230 287 3306 Quanta
305 3229 410 3311 parat?
429 3232 497 3311 quid
518 3233 543 3292 si
564 3231 615 3292 ille
637 3241 703 3292 tuos
727 3229 851 3294 Curetas
873 3233 901 3292 in
922 3251 1001 3296 arma

76 3329 77 3400 ζ
171 3315 269 3378 Ducat
290 3325 320 3376 et
341 3317 472 3378 innocuis
494 3316 590 3378 iubeat
609 3316 771 3378 decernere
792 3313 903 3396 peltis?

76 3403 77 3416 ¹
173 3399 251 3474 Quin
272 3403 358 3462 etiam
379 3402 488 3464 invisos
508 3435 551 3449 -·
570 3401 725 3464 sichostis
747 3399 860 3463 deluit?
884 3402 1043 3482 —Argos
1119 3414 1168 3470 175

171 3481 280 3546 Elicis!
304 3483 328 3545 0
352 3486 441 3566 ipsis,
462 3485 593 3564 genitor,
614 3488 750 3565 graviora
768 3483 904 3566 periclis

76 3589 77 3644 3
171 3566 269 3632 lnssa!
291 3570 467 3632 novercales
487 3571 594 3634 ruimus
613 3573 706 3634 ditare
726 3570 876 3648 llycenas.

175 3650 258 3716 Cedo
278 3654 421 3737 equidem.
465 3653 530 3732 Quo
552 3675 635 3722 sacra
656 3667 753 3722 tamen
773 3658 903 3738 ritusque
927 3668 1096 3741 peremptae
