2842 4300
273 396 335 459 212
616 404 648 457 r.
669 408 804 457 suumn
826 408 943 459 suanm

273 566 440 641 Proximus,
463 574 493 626 et
513 567 625 643 magnis
646 565 714 626 luca
736 564 869 625 desolata
888 572 1004 625 tuentur

273 649 421 728 Regibus,
442 649 519 711 haud
539 650 609 710 laeti
630 668 723 729 seque
743 650 801 711 lruc
821 651 953 710 crevisse
973 647 1119 709 delentes.

272 735 339 796 Nou
358 752 445 795 secus
467 736 573 795 amissa
594 734 719 795 medium
737 752 824 813 quum
845 732 982 814 praeside
1002 735 1110 812 puppis

273 820 374 897 Fregit
394 820 465 896 iter,
488 818 564 879 subit
585 820 622 881 ad
641 820 721 880 vidui
740 819 937 879 moderamina
958 817 1036 877 clavi

273 907 332 966 Aut
353 904 475 965 laterum
497 912 613 981 custus,
636 912 684 964 aut
706 922 793 983 quem
813 921 907 983 penes
926 902 1014 963 obvia
1034 910 1126 981 punto

271 990 363 1052 Prora
384 988 451 1049 luit:
477 997 574 1067 stupet
592 991 657 1069 ip'sa
678 990 766 1064 ratis,
788 988 932 1066 tardeque
953 996 1113 1065 sequuntur
1233 996 1286 1051 185

271 1076 377 1151 Arma,
398 1091 456 1133 nee
477 1073 592 1134 accedit
612 1074 729 1134 dominc
750 1073 840 1134 tutela
860 1072 973 1133 minori.

272 1160 353 1239 Ergo
376 1158 475 1218 alacer
493 1157 624 1237 trepidus
646 1159 689 1217 sic
710 1158 797 1235 erigit
816 1173 909 1235 augur
929 1155 1077 1217 Achiuos:

336 1242 458 1321 ‘lingua
475 1241 564 1317 ‚deum
583 1242 730 1317 mandata,
752 1244 860 1317 duces,
881 1242 1064 1319 monitusque
1083 1240 1243 1312 serendos

272 1328 468 1391 Advehimus:
492 1344 550 1386 nou
570 1326 627 1387 hae
650 1327 811 1388 unstrode
833 1334 957 1406 pectore
974 1342 1078 1385 rosea

272 1414 327 1476 llle
349 1414 441 1489 canit,
463 1412 509 1473 cui
529 1430 575 1471 me
596 1411 728 1473 famulari
746 1420 782 1472 et·
797 1428 914 1471 sumere
934 1411 1022 1470 vittas
1229 1422 1284 1477 190

272 1499 379 1559 Vestra
400 1498 488 1571 fides,
511 1497 576 1575 ipso
598 1514 657 1557 non
675 1495 877 1572 discordante,
898 1495 1025 1571 subegit.

271 1584 340 1645 Nox
359 1580 502 1642 foecunda
525 1598 646 1660 operum
666 1581 867 1660 pulchraeque
889 1577 1078 1641 accommoda
1095 1579 1196 1642 irandi

272 1666 408 1729 Panditur
429 1666 550 1743 augurio
572 1665 681 1733 diruam
706 1674 795 1727 voest
813 1664 899 1725 obvia
919 1664 1022 1738 virtus,

272 1751 311 1815 Et
332 1750 428 1830 poscit
449 1750 564 1811 fortuna
584 1767 700 1827 manus,
724 1760 822 1831 stupet
842 1749 946 1811 abmta
966 1766 1068 1808 sumno

273 1836 416 1897 Aonidum
436 1834 527 1913 legio.
568 1834 696 1913 Tempus
717 1852 794 1895 nunc
813 1835 917 1895 lunera
938 1850 1041 1911 regum
1230 1845 1283 1899 195

272 1921 383 1983 Ulcisci
402 1921 597 1999 miserumque
619 1920 710 1980 diem:
737 1920 831 2000 ra'pite
853 1936 932 1979 arma
950 1935 1107 1995 maresque

273 2006 410 2084 Frangite
433 2014 596 2084 portarum,
620 2004 709 2065 suciis
730 2004 787 2065 lucc
808 2004 936 2065 subdere
958 2002 1097 2077 flammas,

273 2091 338 2153 lluc
360 2089 500 2150 tumulare
520 2106 599 2149 snus.
639 2088 783 2168 Equidem
802 2088 862 2149 hoc
882 2097 912 2149 et
932 2087 1025 2149 Marte
1046 2084 1173 2147 diurne

273 2176 349 2238 Dum
370 2194 419 2236 res
442 2175 583 2237 infractae
602 2175 739 2254 pulsique
760 2176 790 2235 in
808 2184 894 2252 terga
913 2173 1050 2247 redimus,
1071 2205 1115 2217 --

275 2260 332 2322 Per
352 2260 482 2339 tripodas
502 2261 566 2319 iuro
589 2269 619 2319 et
639 2261 715 2338 rapti
737 2277 815 2320 nora
836 2259 894 2320 iata
913 2259 1059 2336 magistri,
1081 2291 1125 2302 —-
1229 2271 1281 2324 2⁰0

274 2345 357 2422 Vidi,
381 2353 411 2404 et
430 2362 477 2404 me
496 2345 636 2405 volucres
658 2347 768 2405 circum
785 2344 925 2424 plausere
945 2341 1100 2404 secundae.

276 2429 337 2491 Sed
358 2447 433 2488 nunc
452 2435 532 2488 certa
551 2428 640 2496 fldes:
661 2429 750 2489 modo
767 2447 814 2489 me
833 2428 993 2489 subnecte
1011 2425 1109 2487 silenti

275 2513 361 2591 lpse,
384 2514 449 2592 ipse
472 2529 630 2589 assurgens
651 2513 754 2573 iterum
771 2513 878 2574 tellure
900 2513 996 2574 saluta

277 2597 379 2672 Qualis
402 2605 480 2673 erat,
504 2597 586 2657 solus
608 2597 751 2658 iniecerat
768 2597 870 2659 umbra
890 2598 1016 2676 iugales,
1329 2636 1330 2672 ,

275 2681 467 2761 Amphiaraus
490 2682 562 2750 adit;
591 2699 649 2742 non
669 2700 762 2743 vanae
781 2691 911 2743 monstra
930 2685 1046 2761 quietis,
1229 2697 1280 2750 2⁰5
1329 2678 1330 2709 ³

275 2765 341 2827 Nec
361 2783 462 2826 somno
486 2775 635 2846 comperta
656 2767 772 2846 loquor.
813 2767 910 2845 Tune,
931 2769 1039 2846 inquit,
1059 2769 1173 2830 inertes

275 2849 428 2913 Inachidas
447 2887 490 2895 —
512 2850 603 2912 redde
625 2851 700 2912 lraec
721 2852 873 2913 Parnassia
893 2861 972 2914 serta
988 2861 1133 2933 mensque

277 2933 379 2996 Redde
402 2936 491 3012 deos,
514 2969 556 2980 -—
576 2945 682 2998 tantam
702 2939 815 3016 patiere
835 2933 967 2998 amittere
984 2947 1114 3017 noctem,

277 3015 439 3096 Degener?
460 3019 534 3080 haec
556 3031 673 3098 egomet
695 3022 771 3084 coeli
792 3031 909 3084 secreta
928 3041 1081 3102 vagosque

279 3102 390 3163 Edocni
412 3101 532 3183 lapsus?
554 3105 628 3167 vade
651 3108 714 3184 eia,
734 3108 882 3168 ulciscere
902 3107 983 3168 terro
1231 3123 1283 3175 21⁰

279 3186 341 3247 Nos
362 3188 479 3258 saltem;
504 3189 592 3268 dixit,
614 3209 720 3270 meque
740 3191 816 3252 haec
836 3191 873 3253 ad
893 3191 989 3253 limina
1007 3193 1089 3254 visus

157 3340 160 3352 Ι
281 3271 409 3350 Cuspide
431 3274 544 3336 sublata
565 3283 687 3356 totoque
707 3276 854 3355 inpellere
874 3294 970 3338 curru.

280 3357 378 3432 Quare
399 3361 494 3436 agite,
516 3359 652 3420 utendum
673 3361 804 3440 superis,
825 3360 1036 3423 nuncominus
1054 3361 1157 3422 hostes

281 3443 450 3520 Stemeudi,
471 3443 582 3505 bellum
600 3445 693 3523 iacet,
718 3454 749 3506 et
768 3447 883 3507 saevire
905 3455 1047 3524 potestus.

280 3524 374 3604 Ecqui
395 3526 539 3589 ademutl
560 3547 635 3609 qnos
653 3531 763 3609 ingenti
782 3549 817 3590 se
837 3530 974 3592 attollere
992 3531 1068 3592 lama
1231 3544 1283 3597 215

281 3607 346 3668 Nan
369 3615 485 3690 pigeat,
507 3613 573 3674 dum
591 3613 650 3676 iata
670 3612 786 3676 sinunt?
806 3615 911 3675 iterum
932 3633 1006 3676 ecce
1027 3614 1175 3693 benignae

280 3691 383 3756 Noctis
405 3715 491 3767 aves3
514 3716 640 3777 sequor,
665 3709 694 3760 et
715 3700 851 3763 comitum
867 3699 941 3762 lieet
958 3701 1073 3777 agmina
1092 3711 1229 3777 cessent,
