2842 4300
495 382 698 433 unustrnos
720 383 792 431 mu.
814 384 863 434 xr.
1115 372 1176 435 243

174 538 241 599 Stat
260 538 504 615 consanguineum
522 556 626 618 eampo
647 538 763 614 sosius,
784 539 868 603 unius
886 540 990 617 iugens

172 623 285 683 Bellum
308 623 382 682 uteri
405 632 569 703 coeuntque
591 641 678 703 pares
700 622 754 683 sub
773 624 889 685 oasside
907 625 1014 687 vultus.

173 709 261 785 Signa
283 716 397 786 tacent,
420 709 530 769 siluere
549 708 636 769 tubae
659 708 881 788 stupefactaque
900 708 999 771 llartis

173 790 304 861 Gomua;
326 800 373 855 ter
390 794 481 871 nigris
502 793 604 855 avidus
621 803 761 871 regnator
782 794 818 854 alr
840 795 901 853 oris
1121 807 1175 861 410

170 876 312 953 Intonuit,
335 886 439 957 terque
458 880 515 941 ima
535 878 592 939 soli
614 879 779 953 nonensem,
799 887 831 939 et
852 879 909 957 ipsi

170 961 324 1023 Armorum
348 962 452 1041 lugere
473 963 521 1025 dei
528 985 535 1031 ;
558 980 697 1042 nusquam
718 963 817 1026 inolita
837 964 940 1039 virtus,

171 1046 316 1107 Restiuxit
335 1046 457 1109 Bellona
477 1047 576 1125 lanes,
600 1046 748 1127 longeque
769 1057 910 1127 paventes

170 1130 248 1192 lilars
270 1132 363 1211 rapuit
384 1150 502 1209 ourms‚
526 1142 555 1193 et
576 1131 715 1209 Gorgone
737 1133 825 1194 oruda
846 1134 950 1211 virago

170 1215 305 1293 Adstitit,
329 1217 416 1295 inque
436 1218 531 1279 uioem
549 1218 669 1295 Stygiae
689 1216 817 1278 rubuere
835 1234 966 1279 sorores.
1119 1225 1172 1281 415

234 1299 379 1363 Prominet
400 1300 529 1363 excelsis
546 1302 651 1380 uulgus
673 1302 957 1378 miserabilemque,

171 1382 283 1445 Gunota
303 1386 419 1446 madent
439 1387 581 1463 laminis,
606 1396 636 1449 et
658 1385 694 1447 ab
718 1388 795 1447 omni
816 1386 962 1466 plangitur
983 1404 1062 1447 aree.

169 1468 244 1529 ilino
265 1470 359 1549 questi
380 1472 490 1532 vixisse
512 1489 616 1548 senes,
637 1471 704 1531 hino
722 1481 847 1551 peotore
867 1472 946 1533 nudo

170 1555 253 1616 Stant
272 1564 378 1615 matres
398 1573 565 1635 parvosque
586 1564 686 1616 vetant
703 1556 854 1619 attendere
873 1567 968 1617 natos.

168 1639 238 1718 lpse
263 1656 380 1719 quoque
401 1639 532 1719 Ogygios
553 1650 682 1702 monstra
704 1641 740 1702 ad
761 1641 882 1719 gentilia
902 1659 1002 1702 manes
1116 1652 1169 1709 tuo

168 1724 326 1785 Tartareus
346 1734 446 1787 rentur
468 1735 552 1805 porta
574 1724 653 1785 iubet
674 1726 718 1787 ire
738 1726 866 1787 reclusa.

168 1807 314 1871 lloutibus
334 1809 459 1869 insidunt
480 1811 580 1889 patriis
601 1811 735 1889 tristique
753 1828 863 1872 corona

166 1894 303 1955 lnfeoere
326 1894 402 1953 diem
424 1904 453 1955 et
474 1895 550 1955 vinei
575 1912 627 1955 sua
649 1896 767 1955 erimina
786 1894 923 1972 gaudent.

231 1978 303 2038 lllos
325 1988 356 2037 ut
377 1978 497 2041 stimulis
518 1980 561 2038 ire
585 1980 614 2039 iu
636 1979 790 2039 discrimen
812 1980 923 2058 apertis

165 2063 266 2123 Audiit
286 2072 316 2123 et
337 2064 444 2124 sceleri
465 2063 573 2125 nullum
594 2064 649 2123 iam
671 2062 791 2125 obstare
810 2063 961 2142 pudorem,
1114 2074 1167 2129 425

164 2148 312 2225 Aduolat,
326 2159 366 2210 >et
386 2148 496 2212 medias
517 2148 630 2210 inmittit
649 2146 792 2210 Adrastos
812 2147 951 2209 habenas.

163 2233 235 2314 lpse
256 2233 371 2312 quidem
392 2235 492 2312 regnis
510 2233 628 2296 multum
652 2242 682 2294 et
703 2233 882 2295 venerabilis
903 2251 990 2307 aero,

164 2318 228 2381 Sed
246 2318 314 2398 quid
330 2319 408 2397 apud
430 2319 522 2394 tales,
545 2321 609 2396 quis
631 2337 687 2380 neo
708 2337 760 2379 sua
779 2319 901 2398 pignora
924 2335 1023 2392 curae,

163 2401 259 2464 Exter
279 2400 395 2463 honos?
435 2403 542 2464 Tamen
563 2403 614 2464 ille
635 2413 736 2480 rogat:
760 2401 980 2482 ‘Spectabimus
1001 2420 1085 2480 ergo,

163 2487 321 2548 lnaohidae
340 2486 478 2568 Tyriique
500 2485 606 2548 nelos?
628 2488 678 2548 ubi
698 2489 761 2549 iura
780 2483 909 2567 deique?
1112 2495 1166 2552 430

162 2572 249 2634 Bella
268 2568 340 2634 nbi?
361 2591 398 2634 ne
420 2581 550 2652 perstate
571 2575 682 2634 animis.
727 2573 769 2634 'Pe
794 2573 957 2652 depreeor‚
979 2571 1083 2648 hostis,

164 2657 359 2736 Quamquam,
380 2657 455 2718 huso
475 2657 518 2718 ira
539 2657 629 2734 sinat,
651 2676 707 2718 neo
728 2667 760 2717 tu
777 2657 845 2716 milri
860 2657 1000 2732 sanguiue
1016 2657 1119 2734 ionge;

164 2741 227 2819 Te,
249 2759 358 2820 gener,
382 2751 411 2802 st
430 2741 533 2810 inirem
556 2744 666 2821 soeptri
688 2743 713 2802 si
733 2751 812 2802 tauta
832 2741 938 2821 eupido
960 2751 1017 2817 est,

162 2825 390 2903 Exuoregules
407 2825 538 2904 habitus,
560 2827 570 2886 i
591 2825 704 2888 Lernan
724 2836 754 2886 et
772 2826 871 2903 Argos
988 2873 991 2878 .

163 2910 254 2972 Solus
274 2910 373 2972 habe’
415 2910 481 2971 Nou
498 2910 589 2972 verta
609 2913 700 2989 magis
721 2911 871 2972 suadentia
891 2909 1027 2987 frangunt
1110 2919 1163 2974 436

161 2996 334 3072 Aetnenses,
357 2997 536 3074 sumptisque
557 2997 649 3057 semel
671 2996 822 3064 conatibus
842 2994 969 3071 obstant,

162 3080 258 3155 Quam
277 3079 384 3155 Septlra
407 3082 532 3140 ourvatis
556 3089 674 3140 ereotus
694 3081 830 3142 duotilrus
851 3098 983 3158 umquam

160 3165 271 3226 Pontus
293 3161 428 3240 Cyaneos
448 3165 540 3226 vetuit
560 3181 738 3226 oouourrere
761 3175 884 3227 montes.

226 3249 265 3309 Ut
285 3249 410 3329 periisse
432 3265 540 3328 preeos
558 3251 749 3328 geminosque
770 3250 807 3310 ad
826 3249 940 3329 proelia
960 3249 1044 3310 lusos

161 3333 288 3395 Pulvere
307 3334 482 3412 cornipedes
501 3333 708 3414 explorarique
730 3334 876 3397 furentum
1107 3343 1161 3398 440

89 3435 90 3444 ’
160 3417 195 3479 ln
218 3417 315 3496 digitis
336 3427 449 3480 amenta
469 3418 563 3496 videt,
586 3419 664 3496 fugit
683 3420 777 3480 omnia
797 3420 932 3499 linquens

162 3501 282 3578 Castra,
305 3503 402 3579 viros,
425 3521 582 3580 generum,
604 3503 737 3579 Thebas,
759 3523 795 3565 ao
815 3504 874 3566 iata
895 3514 1059 3567 mouentem

162 3585 403 3666 Conversumque
424 3589 494 3664 iugo
514 3588 654 3668 propellit
671 3587 797 3659 Arioua;
819 3589 913 3669 qualis

160 3671 313 3734 Demissus
335 3689 421 3734 curru
442 3671 545 3734 laeuae
566 3682 635 3754 post
654 3675 784 3754 praemia
803 3676 893 3737 sortis
933 3757 994 3818 16*
