2842 4300
245 364 309 429 iio
593 380 624 427 r.
647 378 784 429 rurum
803 378 920 429 suurn

244 534 334 596 'leste
355 536 418 605 die;
439 550 553 596 mecum
572 534 702 596 clamore
723 545 755 596 et
775 535 1025 614 oulrmemperto

244 618 287 680 lte
311 620 420 699 palam,
439 622 576 680 iuvenes:
600 628 666 679 sunt
686 620 804 681 etmihi
828 620 950 700 provida
970 620 1094 681 datrae
1177 646 1180 650 ’
1202 630 1260 685 485

246 704 347 765 Omina
368 714 398 764 ot
420 704 557 766 horrendi
576 705 677 765 stricto
699 720 839 765 mucrone
861 705 1002 765 inrores’

166 790 170 799 “
245 790 295 849 Sic
317 792 370 857 ait;
392 788 526 849 ardentes
548 789 648 851 alacer
669 790 823 851 succendit
843 789 998 865 Adrastus,

245 872 462 953 Argolicusque
480 890 590 951 gener,
609 876 741 954 sequitur
759 876 817 934 iam
835 876 946 934 tristior
967 878 1068 950 augur,

244 956 362 1037 Iamque
384 968 516 1037 premunt
535 975 652 1034 muros,
676 968 707 1019 et
726 958 821 1019 adbuc
841 974 919 1019 nova
939 957 1042 1019 iunera
1062 968 1163 1021 canat

245 1042 405 1121 Amphion,
427 1044 619 1121 miseramque
639 1043 785 1104 intrabunt
800 1045 933 1123 protinus
953 1041 1068 1120 urbem,
1198 1055 1258 1110 490

245 1126 281 1186 Ni
302 1125 458 1204 Megareus
480 1128 602 1207 specula
622 1130 697 1189 citus
717 1128 914 1189 exclamasset
932 1127 970 1187 ab
992 1129 1067 1189 alta:

247 1210 392 1288 ‘Claude,
412 1212 502 1291 vigil,
524 1210 650 1273 subeunt
671 1214 790 1290 hostes,
812 1213 916 1274 claude
935 1211 1062 1293 undique
1082 1218 1214 1293 portas.²

309 1295 363 1357 Est
383 1296 433 1357 ubi
456 1297 505 1357 dat
525 1297 605 1357 vires
627 1298 730 1359 nimius
751 1300 853 1374 timor,
876 1298 959 1358 ocius
981 1300 1076 1359 omnis

247 1382 333 1443 Porta
354 1382 427 1452 coit;
448 1381 528 1441 solas
551 1381 617 1442 dum
637 1382 749 1444 tardius
769 1392 862 1443 arctat
882 1381 996 1442 Ecbiou

247 1465 393 1544 Ogygias,
415 1467 510 1527 audax
528 1468 612 1528 animi
630 1468 773 1547 Spartana
793 1465 926 1528 iuventus
1083 1499 1086 1507 ·
1199 1476 1256 1531 495

246 1548 373 1629 Inrupit,
397 1552 535 1629 caesique
558 1561 642 1611 ruunt
659 1554 688 1611 in
710 1552 807 1612 limine
827 1554 920 1632 primo
1074 1555 1077 1570 ⁴

246 1634 347 1695 Incola
367 1633 490 1713 Taygeti
511 1636 667 1715 Panopeus
686 1637 831 1716 rigidique
852 1646 974 1698 amator·

247 1718 376 1779 Oebalus
399 1718 543 1792 Eurotae,
565 1729 671 1799 tuque,
696 1736 716 1781 o
738 1731 872 1801 sueciam
893 1721 1049 1800 putaminis

248 1802 384 1863 Omnibus
405 1813 435 1865 et
452 1806 548 1883 nuper
569 1804 720 1867 Nemeseo
742 1807 772 1865 in
791 1806 913 1885 puluere
934 1806 1018 1881 felix,

246 1888 416 1964 Alcidama,
439 1891 538 1969 primis
561 1906 647 1968 quem
669 1890 817 1951 caestibus
839 1892 906 1971 ipse
927 1890 1032 1967 ligarat

247 1972 444 2050 Tyndarides,
464 1974 544 2034 nitidi
565 1976 693 2035 moriens
717 1992 849 2035 convexa
870 1976 1000 2052 magistri

247 2056 398 2137 Respicis;
421 2074 527 2119 averso
549 2060 659 2137 pariter
680 2060 754 2121 dens
772 2060 882 2121 oceidit
903 2068 992 2121 aare.
1023 2099 1026 2103 ι

248 2142 290 2204 'le
311 2161 411 2204 nemus
435 2141 601 2221 Oebalium,
623 2154 653 2206 te
676 2144 790 2206 lubrica
811 2146 875 2224 ripa
895 2143 1048 2206 Lacaenas

246 2227 374 2306 Virginis
396 2238 425 2288 et
445 2228 521 2290 ialso
543 2245 654 2308 gurges
679 2239 808 2291 canimus
827 2231 912 2291 olore

247 2313 360 2390 Flebit,
382 2313 552 2388 Amyclaeis
573 2313 689 2375 Triviae
713 2315 857 2394 lugebere
878 2313 1022 2392 nymphis,

247 2397 286 2458 Et
307 2415 382 2477 quae
403 2407 433 2458 te
456 2398 541 2475 leges
562 2409 782 2478 praeceptaque
803 2401 890 2460 iortia
910 2398 982 2458 belli

247 2481 360 2542 Erudiit
380 2484 533 2560 genetrix,
553 2483 667 2542 nimium
694 2484 832 2544 didicisse
851 2492 1001 2563 queretur.

311 2564 389 2626 Talis
411 2565 554 2627 Echionio
576 2565 695 2628 lilavors
717 2570 747 2627 in
768 2568 866 2628 limine
883 2567 986 2628 saevit.

248 2649 375 2712 Tandem
397 2650 524 2711 humeris
547 2651 670 2712 obnixus
691 2652 792 2713 Acron
813 2662 845 2713 et
863 2662 988 2732 pectore
1004 2660 1071 2712 toto

247 2736 359 2796 Pronus
380 2735 562 2797 Alimenides
584 2737 711 2798 ferratae
733 2736 841 2798 robora
864 2746 968 2816 portae
1082 2781 1084 2785 -

249 2818 424 2896 Torsemnt,
445 2831 551 2901 quanta
572 2823 683 2902 pariter
704 2824 822 2882 cervice
843 2831 997 2900 &mentes

248 2904 434 2982 Proiringont
454 2908 563 2966 inarata
585 2907 633 2967 diu
656 2905 791 2984 Pangaea
814 2907 938 2967 iuuenci.

249 2988 304 3049 Par
326 2991 425 3068 operis
444 2992 555 3050 iactura
578 2991 679 3067 lucro,
700 2993 809 3070 quippe
830 2990 916 3052 lroste
937 2999 1052 3051 retento

249 3073 413 3154 Exclusere
437 3089 522 3142 suos;
544 3075 619 3136 oadlt
641 3077 714 3136 intra
735 3077 849 3136 moesia
872 3074 976 3136 Graius

250 3157 391 3217 Ormenus
412 3167 442 3219 et
462 3174 569 3238 pronas
590 3161 738 3222 tendentis
757 3160 924 3237 Amyntoris
943 3160 1028 3220 ulnas

248 3241 466 3323 Fundentisque
488 3261 611 3322 preces,
631 3247 748 3324 penitus
767 3247 885 3306 cervice
905 3246 1002 3305 recisa

248 3326 348 3388 Verba
373 3328 438 3388 solo
458 3329 614 3408 vultusque
638 3330 760 3405 cadunt,
780 3330 918 3408 colloque
939 3330 1067 3390 decorus

250 3410 385 3491 Torques
403 3414 432 3473 in
452 3412 575 3474 hostiles
597 3414 705 3474 cecidit
724 3432 779 3494 per
796 3415 900 3474 vulnus
915 3429 1036 3478 :aremus

313 3498 441 3558 Solvitur
462 3500 575 3558 interea
588 3498 724 3575 ‘vallum,
749 3498 920 3577 numaeque
940 3505 1078 3559 recusant

250 3583 334 3642 Stare
357 3599 474 3648 morae;
496 3583 553 3641 iam
573 3599 606 3642 se
629 3583 757 3661 peditum
777 3582 903 3642 iunxere
919 3591 1056 3643 catervae

248 3664 418 3728 Moenibus:
442 3674 471 3725 at
484 3666 608 3744 »patulas
630 3667 705 3726 saltu
727 3667 925 3731 transmittere
944 3667 1042 3726 iossas
