2842 4300
497 382 697 435 mosmos
719 385 788 437 nun.
810 385 857 434 ιι.
1131 371 1171 436 85

179 539 392 620 Quinquaginta
412 539 477 603 iiiii
496 543 595 604 uernis
616 539 855 623 Chthoniumque
872 541 1066 622 Chrominque

177 624 355 704 Phegeaque
375 636 406 687 et
425 635 525 689 nostra
546 629 732 708 praesignem
752 627 875 688 biaeona
894 627 987 688 lauro.

177 708 224 770 Ne
245 711 373 788 saevite,
393 713 502 788 danes,
521 713 592 773 nihii
613 714 661 774 hio
678 713 848 774 mortalibus
868 730 966 772 ausum
990 757 993 762 -

179 792 298 856 Credite
318 797 463 863 consiliis:
484 796 540 858 bos
560 797 658 858 ierrea
678 806 801 858 neverat
822 813 912 858 anuos
1121 805 1176 862 600-

176 875 319 960 Atropos.
356 879 466 942 Existis
488 899 589 942 easus:
612 882 691 942 betia
713 883 831 943 horrida
851 881 946 955 uobis,

176 963 275 1044 Atque
299 965 403 1026 iterum
420 965 559 1042 Tydeus!
600 965 697 1042 Dixit,
718 969 847 1046 vittaque
868 965 966 1044 ligatis

175 1047 339 1110 Fraudibus
360 1050 500 1111 instantes
520 1051 612 1129 abigit
629 1061 828 1152 monstratque
847 1067 991 1112 eruorem.

241 1132 370 1194 Stabat
361 1151 446 1215 mops
467 1137 601 1196 comitum
623 1136 757 1213 cocyti
750 1156 778 1197 ιιι
799 1137 885 1197 litore
904 1143 1019 1196 moesto

175 1216 277 1294 Laius,
298 1219 389 1280 inmiti
410 1237 496 1299 quem
516 1223 572 1282 ianr
593 1222 665 1282 deus
686 1223 750 1282 aies
772 1221 890 1282 Averno

174 1301 371 1380 Reddiderat‚
391 1303 543 1384 dirumque
559 1313 644 1366 tuens
663 1306 783 1385 obliqua
801 1314 949 1406 nopotem,

175 1386 281 1448 Nosoit
300 1388 383 1449 euim.
395 1390 492 1466 vultu,
514 1408 573 1450 uon
593 1391 645 1452 iiie
660 1401 709 1452 aut
730 1391 878 1470 sanguinis
898 1389 1015 1450 haustus

176 1470 286 1534 cetera
305 1491 361 1534 eeu
381 1474 505 1553 plebes,
526 1475 650 1536 aliumve
670 1475 784 1536 aceedit
805 1474 842 1536 ad
862 1472 995 1548 imbrem,

173 1555 331 1618 inmortale
353 1559 449 1620 odium
469 1561 592 1639 spirans.
635 1560 694 1621 Sed
715 1560 833 1640 prolicit
854 1558 929 1620 uitro

174 1642 287 1702 Aonius
308 1652 406 1704 vates:
430 1644 553 1720 Tyriae
574 1645 632 1706 dux
650 1645 750 1705 inclite
773 1643 901 1719 Thebes,

175 1725 265 1787 Cuius
285 1726 322 1787 ab
345 1728 459 1788 interitu
480 1747 539 1790 nou
558 1730 618 1790 ulia
639 1729 809 1811 Amphionis
830 1745 915 1790 aroes

173 1810 254 1872 Vidit
272 1812 364 1874 amieo
383 1812 457 1873 dies.
502 1813 556 1873 0
546 1831 603 1873 ram
623 1816 693 1874 satis
713 1815 773 1876 uite
795 1821 948 1874 cruentum

173 1893 300 1956 Exitium
323 1906 353 1957 et
374 1898 492 1958 muitum
513 1899 628 1976 piaoata
647 1897 808 1958 minoribus
823 1897 934 1972 umbra,

175 1979 258 2056 Quos
277 1981 441 2043 miserande
462 1980 561 2060 iugis?
599 1980 680 2043 iaeet
696 1983 778 2042 iile
769 2000 798 2041 ru
819 1982 922 2042 funere
944 1981 1033 2057 longo

175 2064 268 2138 Quem
285 2068 412 2145 premis,
435 2075 465 2127 et
484 2069 599 2127 iunctae
620 2069 708 2127 sentit
729 2066 851 2132 confinia
871 2067 983 2143 mortis,

175 2147 293 2212 Obsitus
314 2150 472 2213 exhaustos
490 2152 603 2231 pedore
624 2161 654 2213 et
675 2154 816 2229 sanguiue
836 2152 933 2213 vultus

174 2232 354 2316 Eiectusqne
375 2236 432 2297 die.
474 2238 547 2297 Sors
568 2237 629 2297 leto
650 2237 750 2298 durior
771 2237 873 2312 omni,

175 2317 272 2381 Crede
293 2320 376 2381 mibi:
399 2338 540 2400 quaenam
561 2322 722 2382 inmeritum
739 2322 832 2381 vitare
852 2329 990 2401 nepotem

175 2400 270 2465 Causa
293 2401 365 2465 tibi?
387 2405 490 2466 eouier
509 2406 635 2506 vultum,
655 2415 686 2466 et
704 2406 811 2467 satiare
834 2406 925 2465 litanti

173 2489 338 2569 Sanguine,
359 2500 554 2570 venturasque
577 2492 660 2551 vines
680 2500 711 2551 et
734 2490 836 2551 funera
855 2490 928 2550 belii

172 2572 271 2635 Pande
291 2574 341 2635 vel
361 2574 506 2651 infensus,
527 2575 578 2635 vei
598 2594 649 2636 res
667 2577 805 2636 miserate
823 2584 945 2635 tuorum.
1098 2620 1103 2633 .

119 2705 124 2713 .
174 2657 256 2719 Tune
272 2675 330 2736 ego
349 2666 379 2718 to
399 2667 500 2738 optata
522 2660 641 2719 votitam
660 2660 855 2719 transmittere
875 2658 987 2719 Lethen
1102 2721 1105 2727 ,
1162 2660 1166 2665 ’

173 2742 276 2823 Puppe
296 2741 371 2803 dabo
393 2743 596 2824 placidumque
617 2744 684 2827 pia
683 2743 791 2805 tellure
811 2760 961 2821 reponam,

172 2826 211 2889 itt
232 2827 341 2904 Stygiis
361 2826 503 2888 mandabo
525 2827 610 2887 deis'
648 2816 793 2887 biuiuetur
813 2826 932 2887 honoris

172 2910 340 2974 biuneribus
361 2912 503 2991 tingitque
524 2928 634 3011 penas,
653 2911 759 2972 dehine
780 2911 849 2973 talia
869 2910 978 2972 reddit:

239 2994 316 3057 Gur
336 2994 388 3056 tibi
409 2997 537 3057 versanti
557 3014 674 3073 manes,
695 3014 846 3077 aequaeve
867 2996 1018 3074 sacerdos,

171 3082 278 3145 Lentus
301 3097 359 3159 ego
379 3082 518 3159 augurio,
539 3081 686 3160 tantisque
705 3082 874 3160 potissimus
895 3080 1004 3143 umbris

172 3167 231 3243 Qui
249 3174 369 3227 ventura
389 3162 512 3243 loquar?
536 3166 607 3226 satis
628 3174 675 3225 est
691 3166 857 3225 meminisse
879 3168 1016 3245 priorum.

171 3251 319 3313 Nostraue
338 3250 499 3330 praeclari,
522 3250 645 3329 pudeat,
668 3249 800 3311 eonsulta
823 3260 947 3329 nepotes

173 3332 320 3397 Posuitis?
355 3334 455 3411 ilium,
476 3334 556 3395 iilum
578 3335 670 3395 saeris
690 3332 827 3395 adhibete
851 3334 984 3411 nefastis,

173 3419 231 3495 Qui
252 3419 331 3481 laeto
354 3418 427 3480 iodit
446 3436 518 3479 ense
540 3427 668 3499 patrem,
690 3420 740 3499 qui
759 3414 851 3479 seruet
873 3416 902 3479 in
921 3429 1001 3481 ortus

171 3504 269 3565 Ve'rtit
289 3512 320 3565 et
340 3502 475 3580 indignae
491 3505 605 3580 regerit
626 3522 678 3565 sua
697 3504 821 3585 pignora
842 3504 934 3564 matri.

171 3588 211 3651 Et
229 3608 305 3649 nune
324 3587 376 3649 iile
393 3587 468 3648 deos
488 3587 684 3667 furiarumque
705 3598 768 3649 atra
789 3588 892 3667 fatigat

173 3670 321 3752 connita,
343 3682 373 3735 et
391 3680 508 3734 nostros
528 3682 615 3752 rogat
634 3674 710 3735 haee
730 3674 759 3733 iu
780 3674 894 3754 proelia
915 3690 1023 3733 manes.
