2842 4300
507 352 707 405 nnunmuos
732 356 857 405 uren.
1122 346 1185 410 209

180 507 335 569 ludnerant
358 509 444 584 ebur,
468 518 497 570 et
517 509 644 571 lacrimis
665 517 831 591 questuque
851 511 1008 590 regebant:

181 593 332 673 ‘Adspice
354 594 517 673 sacrilegas
537 591 683 655 Cadmeae
704 596 820 675 pellicis
842 614 940 674 arces,

179 678 297 751 Siderei
318 681 420 756 regina
441 679 521 759 poli,
544 678 740 759 tumulumque
761 680 906 743 rebellem

179 762 283 824 Disice
305 772 335 823 et
356 766 384 823 iu
407 762 524 825 Thebas
545 764 639 841 aliud,
665 772 770 844 potes,
793 776 900 829 excute
921 768 1054 830 tulmen'

247 847 323 923 Quid
344 845 468 917 saciati,
480 850 537 909 scit
557 849 617 911 lata
638 852 698 909 suis
721 853 866 913 contraria
883 851 977 913 Graiis

180 932 384 1012 Aversumque
404 932 520 1006 lovem,
543 929 599 995 sed
617 952 673 993 uec
696 937 822 1013 periisse
842 946 981 1015 precatus

181 1016 331 1096 Tantaque
355 1018 430 1079 done
451 1018 537 1086 velit:
560 1028 674 1098 tempus
696 1028 793 1080 tamen
815 1020 903 1082 obvie
921 1023 1018 1100 magni

180 1100 255 1163 Fors
278 1102 356 1163 dedit
378 1102 491 1172 annilii3
514 1104 594 1164 videt
614 1104 674 1164 alto
695 1123 735 1163 ex
748 1104 877 1166 'aethere
901 1106 1001 1169 olause

178 1186 293 1247 llloenia
316 1198 345 1247 et
365 1188 488 1247 insomni
508 1188 616 1249 vallum
637 1188 764 1249 statione
785 1191 890 1250 teneri.

177 1272 296 1333 llorruit
316 1272 422 1332 irarum
444 1272 565 1333 stimulis
585 1281 722 1352 motaque
743 1275 904 1335 verendum

179 1355 319 1417 l'nrhavit
338 1354 469 1418 diadema
491 1374 588 1427 comm
611 1375 670 1417 non
691 1360 807 1419 saevius
829 1362 899 1420 arsit

176 1440 344 1503 Herculeae
366 1459 452 1520 quum
470 1443 570 1502 matris
591 1459 663 1503 onus
686 1444 879 1523 geminosque
900 1443 1038 1506 Tonantis

180 1524 359 1586 Concubitus
380 1528 481 1587 vacuis
501 1526 700 1604 indignaretur
719 1530 748 1587 in
769 1529 865 1589 astris.

85 1634 88 1641 ·
177 1610 260 1688 Ergo
282 1610 456 1689 intempesta
475 1612 568 1671 somni
588 1612 743 1673 dulcedine
763 1620 868 1691 captos

177 1695 313 1755 Destinat
332 1692 444 1756 Aonios
465 1696 526 1757 leto
547 1696 709 1774 praehere,
739 1715 879 1775 suamque

178 1778 306 1840 Orbibus
327 1781 441 1857 accingi
461 1781 554 1840 solitis
576 1780 657 1841 iubet
677 1779 736 1840 lrin
757 1791 789 1841 et
808 1798 894 1841 omne

177 1862 295 1925 Mandat
317 1882 406 1943 opus;
430 1874 514 1943 paret
535 1865 623 1925 iussis
642 1866 698 1926 dea
718 1863 814 1942 clara,
837 1866 996 1946 polumque

174 1948 290 2028 Linquit
312 1958 342 2009 et
362 1949 392 2007 iu
412 1957 506 2009 terras
528 1949 617 2027 longo
639 1950 826 2029 suspenditur
846 1969 926 2011 aren.

240 2034 304 2093 Stat
325 2051 415 2113 snper
436 2034 576 2095 occiduae
597 2033 741 2095 nebulosa
763 2034 869 2096 cubilia
890 2036 984 2095 noctis

176 2118 398 2198 Aethiopasque
418 2118 493 2180 alios
513 2117 583 2180 nulli
603 2118 794 2199 penetrabilis
815 2129 895 2181 astro
932 2172 935 2178 ,
974 2169 979 2176 .

176 2203 271 2264 bueus
292 2205 387 2280 iners,
410 2203 568 2283 subterque
590 2207 671 2266 cavis
689 2223 782 2282 grave
803 2204 924 2284 rupibus
944 2214 1055 2268 antrum

176 2287 202 2348 lt
223 2307 345 2349 vacuum
366 2289 394 2348 iu
414 2297 557 2366 montem,
579 2307 637 2368 qne
659 2289 768 2350 desidis
789 2291 862 2351 atria
880 2290 981 2350 Somni

177 2375 378 2451 Securumque
401 2372 493 2434 larem
513 2376 613 2452 segnis
634 2385 735 2436 natura
758 2374 877 2435 locavit.

175 2456 276 2517 himen
297 2475 391 2537 opaca
412 2457 503 2532 Quies
525 2469 555 2519 et
575 2461 660 2538 pigra
682 2457 798 2520 Oblivia
819 2469 938 2520 servent

175 2541 215 2602 Et
235 2560 387 2620 numquam
408 2543 490 2621 vigili
509 2552 630 2623 torpens
650 2544 770 2622 Ignavia
790 2544 882 2604 vultu.

176 2625 242 2687 Otia
264 2627 411 2698 vestibulo
434 2629 605 2708 pressisque
627 2629 742 2690 silentia
761 2629 866 2708 pennis

174 2709 253 2771 liuta
277 2710 396 2788 sedent,
417 2711 595 2792 abiguntque
615 2721 714 2774 truces
735 2732 754 2774 a
774 2713 899 2773 culmine
920 2723 1025 2774 ventos

175 2794 215 2856 Et
234 2813 329 2857 ramos
351 2815 452 2858 errare
472 2806 571 2858 vetant
593 2807 623 2858 et
643 2816 787 2859 murmure
808 2798 925 2858 demunt

176 2879 313 2941 Alitibus.
354 2879 420 2941 Non
441 2881 488 2942 hic
507 2882 623 2961 pelagi,
645 2882 717 2944 lieet
738 2885 833 2947 omnia
854 2882 979 2944 clament
1080 2919 1083 2925 -

175 2963 288 3042 Litora,
310 2983 369 3025 uon
389 2966 452 3026 illie
474 2966 551 3027 coeli
572 2967 687 3044 fragon
709 2968 776 3046 ipse
796 2967 949 3047 profundis
1141 2978 1176 3032 95

175 3049 309 3110 Vellibus
333 3051 475 3130 effugiens
497 3050 656 3132 speluncae
677 3055 826 3132 proximus
848 3055 940 3114 amnis

176 3136 255 3194 Saxa
275 3136 351 3194 inter
372 3135 571 3215 scopulosque
592 3145 687 3197 tacet:
709 3139 853 3215 nigrantia
874 3139 954 3199 eirca

174 3219 331 3296 Armenta,
355 3235 439 3280 omne
461 3221 526 3285 solo
549 3221 670 3282 recubat
691 3240 802 3301 pecus,
825 3231 855 3282 et
873 3240 949 3283 nova
968 3231 1099 3284 marcent

176 3301 326 3380 Germina,
347 3313 547 3385 terrarumque
571 3306 691 3366 inclinet
709 3308 829 3386 spiritus
850 3306 968 3367 herbas.
999 3379 1003 3384 ι
1160 3364 1163 3371 ,

176 3385 271 3466 {Mille
292 3390 367 3448 intus
389 3390 542 3452 simulacra
563 3392 611 3452 dei
633 3391 801 3452 caelaverat
821 3391 927 3452 ardens
1125 3403 1176 3456 loo

172 3469 333 3542 hlulciber;
356 3473 404 3533 hic
425 3474 527 3535 haeret
549 3477 633 3537 lateri
654 3477 788 3536 redimita
806 3476 960 3556 Voluptas,

172 3553 228 3615 llio
252 3575 351 3616 comes
373 3559 402 3617 in
422 3561 553 3637 requiem
573 3579 701 3639 vergens
723 3561 821 3629 labor3
845 3571 891 3622 est
911 3561 962 3624 ubi
975 3562 1110 3639 Baccho,
1141 3566 1143 3569 ’

85 3668 88 3695 t
173 3639 228 3700 Est
249 3640 298 3702 uhi
319 3639 500 3721 Martigenae
522 3647 631 3708 socium
651 3645 785 3726 pulvinar
804 3647 906 3709 Amori

219 3744 357 3790 scurrus
376 3747 412 3790 11.
973 3732 1010 3793 14
