2842 4300
246 363 287 426 32
586 380 617 426 Ρ.
641 380 775 428 raanan
795 379 911 428 arsen

245 533 296 594 Sic
316 541 415 609 tener,
438 541 505 594 ante
525 533 601 595 diem
621 535 702 595 rultu
724 554 889 616 gressuque
910 534 1040 615 superbo

245 618 365 679 Vicerat
386 619 526 696 aequales
547 620 724 699 multumque
744 622 904 700 reliquerat
924 638 1024 681 anuos.

246 704 316 764 Sive
338 705 479 764 catenatis
501 713 636 765 curvatus
657 705 787 766 membra
810 706 965 785 palaestris

246 789 359 863 Staret,
381 787 542 864 Amyclaea
564 799 740 869 conceptum
760 800 852 851 matre
875 799 1004 870 putares,

245 871 408 932 Oebaliden
428 873 480 933 illo
502 892 649 954 praeceps
670 884 795 935 mutaret
813 875 937 954 Apollo,

244 957 365 1017 Alcides
387 968 525 1036 pensaret
545 957 652 1034 Hylam
676 979 731 1020 seu
753 958 855 1020 Graius
878 962 982 1020 amictu

244 1042 341 1102 Attica
361 1041 476 1102 facundi
497 1042 670 1102 decurreret
690 1061 759 1102 orsa
779 1043 939 1121 blenaudri,

242 1126 384 1187 Laudaret
405 1128 508 1204 gavisa
531 1144 633 1186 sonum
658 1128 826 1206 crinemque
850 1127 990 1187 decorum

242 1211 395 1288 Fregisset
417 1228 505 1271 rosea
529 1212 640 1272 lasciva
663 1211 766 1272 Thalia
789 1229 911 1282 corona;

242 1294 406 1356 blaeonium
429 1298 491 1356 sive
511 1297 562 1356 ille
585 1314 685 1357 senem
708 1295 873 1378 Troiaeque
897 1296 1015 1357 labores

242 1379 378 1456 Diceret,
403 1390 452 1441 aut
474 1399 560 1440 casus
582 1381 665 1441 tarde
687 1384 844 1441 remeantis
866 1381 955 1456 Ulixi,

242 1464 310 1544 lpse
330 1474 415 1544 pater
435 1483 557 1541 sensus,
580 1467 638 1545 ipsi
658 1475 798 1544 stupuere
819 1467 958 1544 magistri.

308 1549 430 1610 Scilicet
451 1550 574 1610 infausta
598 1549 737 1611 Lachesis
760 1550 903 1612 cunabula
926 1551 1028 1610 dextra

241 1635 363 1712 Attigit,
389 1645 418 1694 et
439 1636 550 1712 gremio
573 1651 694 1713 puerum
717 1635 872 1713 complexa
893 1635 1013 1694 fovebat

241 1719 368 1780 Invidia:
391 1719 441 1780 illa
461 1737 553 1796 genas
575 1728 604 1778 et
625 1719 752 1780 adultum
775 1737 892 1779 comere
914 1721 1023 1780 crinem

241 1803 279 1864 Et
300 1812 462 1864 monstrare
483 1813 561 1864 artes
584 1811 614 1864 et
633 1803 724 1864 verba
743 1803 924 1881 refringere,
947 1821 1021 1886 quae
1043 1821 1118 1863 nunc
1175 1809 1185 1816 “

169 1932 174 1942 .
241 1888 415 1965 Plaugimus.
457 1887 620 1948 Herculeos
644 1890 725 1949 anuis
747 1905 874 1967 aequare
896 1887 1017 1949 labores

242 1971 390 2052 Coeperat
412 1991 586 2051 assurgens,
614 1973 668 2034 sed
689 1972 783 2034 adhuc
805 1974 922 2034 infantia
943 1975 1041 2033 mixta.
1194 1983 1245 2036 125

231 2057 300 2118 'lam
320 2067 415 2118 tamen
437 2067 466 2118 et
488 2057 577 2118 validi
598 2076 721 2135 gressus
742 2075 935 2137 mensuraque
956 2060 1049 2118 maior

242 2142 390 2217 calathus,
417 2153 446 2203 et
468 2145 549 2204 visae
572 2162 665 2223 puero
687 2143 866 2205 decrescere
887 2152 1000 2219 vestes,

230 2228 336 2301 ‘Quum
358 2227 427 2304 tibi,
451 2247 522 2308 quas
544 2239 661 2305 vestes,
685 2248 761 2308 quae
782 2246 841 2288 uon
862 2230 1023 2307 gestamina
1042 2230 1117 2288 mitis

241 2311 408 2372 Festiuabat
429 2310 541 2372 herus?
574 2312 718 2373 Brevibus
742 2315 945 2391 constringere
966 2313 1059 2373 laenis

241 2397 366 2458 Pectora
389 2405 419 2456 et
440 2405 562 2474 angusta
582 2397 656 2459 telas
677 2398 787 2458 iactare
809 2397 927 2458 lacerna

241 2481 359 2541 Enormi
380 2498 438 2539 non
461 2480 513 2541 ille
534 2483 648 2557 sinens,
675 2482 730 2541 sed
749 2500 868 2561 semper
888 2481 924 2542 ad
943 2499 1035 2542 annos

242 2566 335 2627 Texta
357 2565 461 2642 legens
482 2565 569 2625 modo
592 2566 719 2626 Puniceo
740 2566 860 2627 velabat
882 2569 997 2644 amicto,

240 2650 324 2712 Nunc
344 2650 451 2711 herbas
473 2652 600 2711 imitante
621 2652 700 2728 sinu,
724 2669 800 2711 nunc
822 2652 909 2713 dulce
931 2651 1045 2712 rubenti

240 2734 368 2813 Murice,
391 2752 466 2794 nunc
486 2736 560 2795 vivis
582 2735 689 2813 digitos
713 2736 871 2797 incendere
893 2739 1014 2815 gemmis

241 2818 405 2887 Gaudebat;
432 2837 489 2879 non
511 2819 595 2881 turba
617 2837 728 2897 comes,
751 2838 810 2880 uon
831 2840 950 2881 munera
973 2829 1104 2881 cessant:
1175 2810 1242 2883 ‘135

241 2905 311 2965 Sola
331 2904 499 2964 verecundo
520 2904 623 2964 deerat
644 2914 798 2983 praetexta
820 2906 931 2965 decori.

304 2988 386 3049 llaec
408 2988 522 3048 fortuna
541 2988 651 3049 domus.
694 2990 813 3051 subitas
836 2992 949 3050 inimica
970 2989 1078 3069 levavit

239 3074 331 3135 Parca
349 3090 458 3133 manus.
502 3071 583 3149 Quo,
606 3073 688 3150 diva,
711 3074 793 3135 ieros
815 3077 916 3152 gravis
935 3077 1034 3135 exeris
1053 3070 1185 3149 ungnes?

238 3158 305 3219 Non
323 3166 353 3217 te
375 3158 469 3218 lorma
489 3166 604 3235 movet,
626 3176 685 3219 non
705 3168 735 3219 te
756 3158 943 3220 lacrimabilis
965 3155 1069 3219 aetas?

238 3244 321 3303 Hunc
344 3260 400 3303 nec
422 3260 511 3303 saeva
532 3244 599 3303 viro
620 3245 765 3322 potuisset
787 3261 910 3323 carpere
929 3243 1052 3318 Procue,
1192 3248 1244 3303 llo

215 3394 219 3403 ⁸
239 3327 303 3388 Nec
323 3326 386 3387 iera
408 3327 544 3388 crudeles
565 3324 685 3388 Colchis
706 3329 841 3388 durasset
859 3330 888 3387 iu
907 3330 977 3403 iras,

237 3411 340 3473 Editus
362 3410 469 3473 Aeolia
491 3430 549 3472 nec
569 3415 595 3472 si
618 3412 695 3472 foret
715 3415 771 3472 iste
797 3410 923 3479 Creusa:

238 3497 353 3559 'Porrus
375 3496 470 3557 adhuc
493 3496 631 3558 Athamas
654 3498 772 3557 insanos
793 3496 928 3558 llecteret
949 3515 1049 3564 arcus;

237 3581 319 3643 Hunc
341 3599 513 3661 quamquam
533 3581 697 3643 Hectoreos
719 3583 835 3642 cineres
858 3581 1032 3661 Troiamque
1057 3596 1182 3659 perosus

239 3666 379 3728 Turribus
401 3685 417 3726 e
437 3666 571 3745 Phrygiis
592 3666 694 3728 llesset
714 3667 854 3727 missurus
873 3665 984 3729 Ulixes.
1193 3675 1244 3727 145
