2842 4300
487 351 688 431 rnunamos
713 380 784 430 nun.
808 380 870 431 vu.
1114 372 1171 435 tut

178 533 356 611 Maenalius,
377 534 473 597 tremit
495 552 569 597 ecce
588 534 698 613 tolum,
720 540 752 597 et
770 536 883 616 mugire
902 532 1038 600 rclraotie
1140 549 1176 606 65
1212 580 1215 583 -

179 618 324 698 Corniger
340 618 455 681 Hebrus
477 621 575 699 anaim
597 631 669 681 tnnc
685 620 764 700 qnod
781 634 875 701 petua
895 623 966 684 utile
988 622 1077 685 ltallla

178 702 294 765 Vallem
313 704 486 782 iniectabat,
508 705 638 785 trepidae
659 722 795 785 spumare
817 724 872 786 per
891 704 1010 785 herbae,

178 790 268 867 Signa
288 789 485 868 adventantis,
508 788 685 869 clausaeque
705 790 856 853 adnnente
877 793 1000 872 perenni

177 872 341 934 Dissiluere
363 874 454 935 iores.
490 873 626 951 llprcano
648 876 836 953 insanguine
858 877 984 956 pulcher

177 956 247 1037 lpse
270 958 346 1019 subit
368 977 472 1035 curru,
494 960 617 1040 diraque
638 959 816 1038 adspergine
836 961 912 1023 latos
1140 970 1176 1025 to

177 1040 268 1104 llutat
288 1060 393 1122 agros,
416 1043 511 1123 spolia
532 1062 549 1105 a
571 1054 657 1122 tergo
679 1044 843 1125 ilenteeque
866 1054 1012 1107 catervae.

177 1124 254 1189 Dant
277 1128 369 1189 silvae
387 1129 494 1210 nixque
517 1128 574 1191 alta
596 1130 709 1199 locum;
732 1133 810 1207 regit
828 1139 891 1192 atra
912 1132 1027 1210 iugales

176 1209 342 1291 sanguinea
363 1212 485 1275 Bellona
506 1231 590 1277 manu
611 1214 759 1294 longaque
780 1214 884 1293 latigat

178 1293 322 1376 Cuspide;
345 1297 460 1376 diriguit
482 1296 700 1376 vitu=Gyllonia
720 1298 822 1379 prolet

177 1380 375 1460 submisitque
396 1400 504 1461 genae:
525 1382 582 1463 ipsi
602 1384 768 1445 reverentia
791 1384 878 1464 patri,
1140 1396 1176 1452 75

177 1467 210 1526 Sl
232 1484 327 1546 prope
349 1469 402 1544 sit,
425 1467 579 1548 dematque
606 1470 696 1530 minas
718 1486 775 1529 neo
794 1469 864 1530 tolia
885 1468 1009 1530 mandet.

76 1610 77 1619 ,
241 1550 339 1626 ‘Quod
360 1551 438 1613 loris
459 1554 619 1633 imperium,
641 1570 747 1631 magno
769 1554 838 1634 qnid
856 1552 893 1615 ab
911 1554 1032 1615 aetluere
1052 1552 1175 1633 portaol

76 1696 78 1723 V
177 1634 311 1715 Occupat
328 1638 518 1717 armipotens:
537 1656 633 1717 neque
655 1640 731 1699 enim
750 1638 837 1714 hunc,
852 1656 1003 1716 germane,
1018 1638 1075 1699 nult
1089 1657 1175 1700 uem

76 1726 78 1811 p
176 1721 291 1799 Sponte
312 1722 394 1781 venis
418 1721 589 1802 hiemesque
609 1740 705 1800 meaa,
728 1725 775 1783 coi
794 1722 912 1784 roscida
931 1725 1009 1785 iuxta

76 1822 78 1867 t
175 1803 312 1865 Maenala
332 1815 362 1866 et
382 1808 485 1869 aestivi
507 1808 679 1868 clementior
697 1824 768 1869 aura
789 1807 920 1884 Lycaei?
1139 1819 1175 1871 80

76 1888 78 1961 ξ
241 1888 296 1950 Ille
316 1890 410 1951 reiert
432 1891 563 1952 conculta
584 1893 685 1970 patrie.
730 1891 795 1953 Nec
816 1892 904 1971 longa
924 1902 1064 1972 moratue,

175 1975 260 2035 Siout
279 1973 469 2052 anhelabant,
492 1977 589 2036 iuncto
609 1976 717 2039 sudore
738 1977 872 2038 volantes

173 2057 255 2119 liare
273 2060 387 2138 inpellit
407 2076 500 2140 equos
520 2060 697 2140 residesque¹
714 2063 743 2121 in
765 2061 879 2141 proelia
901 2061 1004 2123 (lraioe

174 2142 246 2224 lpse
265 2145 350 2205 etiam
369 2144 528 2224 indignant.
571 2144 650 2208 Vidit
670 2157 756 2227 pater
777 2146 852 2207 altus
876 2157 907 2209 et
927 2146 1031 2207 -ira
1162 2199 1164 2201 .

77 2257 78 2264 ¹
173 2228 237 2290 lam
258 2229 352 2289 levior
372 2263 414 2278 -
434 2231 517 2292 tardo
541 2230 680 2292 llecteltat
702 2231 834 2312 pondere
855 2232 974 2294 vultum.
1138 2241 1175 2295 85

77 2347 79 2402 ζ
174 2313 216 2374 Ut
235 2316 259 2373 si
280 2314 394 2392 quando
412 2316 468 2375 ruit
487 2315 708 2396 debellatasque
727 2316 847 2395 reliquit

77 2417 78 2432 ¹
174 2397 273 2458 Eunus
295 2417 402 2478 aquae,
425 2417 483 2478 pax
507 2401 571 2480 ipoa
591 2410 695 2479 tumet,
719 2410 896 2480 pontumque
916 2404 1060 2462 iacentem

174 2481 326 2544 Exanimis
344 2486 399 2544 iam
419 2484 512 2546 volvit
532 2485 638 2556 hieme3
660 2488 786 2548 nondum
805 2503 884 2547 arrna
906 2486 1012 2547 c'ariuie
1098 2493 1101 2497 '

177 2565 296 2643 Omnia,
318 2585 375 2628 nec
396 2577 458 2630 toto
479 2571 625 2650 respirant
643 2580 768 2649 pectore
793 2580 906 2631 nautae.

242 2651 368 2714 Finierat
388 2671 501 2733 pugnas
524 2655 618 2716 honor
640 2655 803 2734 exequialia
822 2657 960 2730 inermen,
1139 2665 1176 2720 90

174 2736 308 2798 Necdum
326 2737 447 2802 aberant
467 2748 585 2815 metue,
608 2742 780 2819 memeque
798 2738 951 2800 silentione
972 2739 1062 2801 heros

174 2821 251 2882 Vina
272 2822 338 2882 solo
358 2821 479 2884 lundene
502 2824 628 2884 cinerem
648 2823 787 2902 placabat
805 2823 949 2884 Adrastus

175 2905 366 2968 Archemori:
391 2907 469 2986 Ἧι,
494 2925 600 2988 parve,
622 2917 701 2968 tuum
722 2903 872 2969 trieteride
893 2909 981 2971 multa

78 3057 79 3062 η
175 2990 339 3052 Instaurare
362 2991 456 3069 diem,
478 3011 535 3053 nec
556 2993 672 3054 saucius
691 2992 824 3054 Arcadas
845 3010 912 3055 arae

176 3073 260 3136 llalit
277 3077 358 3137 adire
379 3075 488 3157 Pelope
508 3076 658 3156 Elaeaque
678 3077 777 3156 pulset
797 3077 908 3139 eburna
1138 3089 1172 3144 95
1208 3100 1210 3103 ·

177 3159 420 3240 templanum,
443 3180 498 3223 nec
518 3160 653 3224 (laetalile
674 3161 814 3223 altaribus
835 3164 948 3240 angulo,

176 3243 242 3305 Nec
263 3263 315 3306 sua
338 3245 470 3325 pinigero
490 3249 583 3326 tnagis
604 3247 722 3308 adnatet
741 3246 841 3307 umbra
862 3245 1009 3309 Lechaeo.

176 3327 240 3389 Noe
262 3339 292 3390 te
313 3330 439 3408 lugenti,
463 3349 552 3411 puer,
574 3331 727 3394 inlitiamur
743 3330 874 3408 Averno,

78 3455 80 3490 ,
176 3411 350 3495 lloestaque
371 3416 523 3496 perpetuis
540 3413 695 3477 sollennia·
715 3417 858 3493 iungimus
875 3415 972 3492 aalma,

178 3496 262 3560 Nunc
283 3499 388 3560 festina
409 3500 526 3561 colora.
565 3500 604 3561 nt
625 3502 650 3560 si
671 3500 794 3561 Boeotia
814 3501 895 3561 lerro
1122 3511 1175 3565 100

78 3599 80 3618 ³
177 3581 305 3644 Vertere
326 3593 403 3646 tecta
426 3584 524 3662 dabie,
546 3587 659 3666 maguis
680 3595 750 3646 tnnc
770 3586 884 3663 dignior
905 3587 974 3662 ario,

78 3689 80 3756 5
179 3665 259 3732 Tunc
282 3669 369 3754 dene,
392 3668 525 3734 haeliae
541 3687 599 3737 noo
617 3680 725 3742 tautum
746 3671 823 3737 culta
845 3689 900 3753 per
920 3670 1008 3734 urben
