2842 4300
195 917 199 929 Ι
353 853 356 863 ,
436 694 445 799 s
462 781 508 862 P.
538 775 750 862 onemo]
778 709 1025 895 suurn.

347 941 1151 1090 SILYARUM·

553 1122 903 1236 eunucus·
999 1181 1004 1189 -
1160 1164 1163 1173 ,

614 1309 814 1322 m

536 1458 587 1510 AD
618 1458 899 1512 ABASOANTIUM.

159 1657 163 1664 .
279 1554 431 1669 omnibus
461 1607 614 1670 affectibus
637 1607 845 1688 prosequenda
872 1616 939 1669 sunt
965 1607 1044 1670 bona
1075 1607 1219 1688 exempla,

218 1709 305 1770 quum
326 1693 444 1772 publice
466 1695 589 1772 prosint.
630 1692 745 1769 Pietas,
769 1711 854 1771 quam
874 1693 1026 1754 Priscillae
1048 1702 1116 1753 tuae
1134 1710 1220 1771 prae·

217 1784 294 1855 stas,
317 1787 347 1838 et
364 1794 476 1838 morum
496 1786 610 1838 tuorum
631 1794 700 1854 pars
723 1777 795 1836 nulli
814 1795 873 1837 non
894 1777 1112 1853 conciliarem,
1135 1793 1220 1854 prae·

219 1859 305 1938 cipue
324 1862 438 1938 marito,
457 1871 566 1940 potest.
603 1860 734 1921 Uxorem
754 1863 829 1922 enim
849 1863 945 1922 vivam
963 1879 1061 1922 amare
1082 1861 1220 1939 voluptas

217 1953 274 2020 est,
297 1945 461 2006 defunctam
480 1944 596 2023 religio.
630 1943 699 2022 Ego
719 1954 814 2007 tamen
832 1946 899 2006 huic
919 1947 1004 2025 operi
1022 1963 1080 2005 nou
1097 1955 1129 2005 ut
1147 1961 1221 2004 unus

217 2047 234 2087 e
250 2027 346 2105 turba,
361 2047 418 2090 uec
432 2039 540 2090 tanturn
556 2031 638 2108 quasi
657 2031 769 2090 otiosus
785 2031 895 2091 assilui.
928 2030 1044 2090 Amavit
1058 2032 1134 2089 enim
1148 2045 1221 2088 uxo·

215 2129 278 2172 rem
304 2130 398 2174 meam
419 2114 553 2176 Priscilla
575 2122 605 2175 et
631 2114 752 2176 amando
776 2115 847 2175 lecit
874 2115 942 2175 milri
963 2113 1042 2175 illam
1071 2113 1220 2194 probatio·
1348 2143 1350 2195 i

216 2214 295 2263 rem;
332 2208 400 2276 post
427 2198 485 2259 hoc
514 2200 644 2276 ingratus
672 2218 750 2275 sum,
781 2201 807 2259 si
836 2200 971 2260 lacrimas
999 2208 1063 2259 tuas
1090 2208 1219 2259 transeo.
1346 2196 1350 2278 Ιἱ

96 2288 100 2305 ‘
216 2279 373 2341 Praeterea
392 2282 468 2342 latus
491 2299 576 2343 omne
599 2283 713 2343 divinae
735 2284 837 2344 domus
860 2296 977 2363 semper
999 2283 1144 2344 demereri
1165 2298 1221 2360 pro
1347 2280 1350 2353 l

216 2382 282 2424 mea
305 2365 507 2428 mediocritate
530 2366 672 2425 connitor.
702 2366 777 2427 Nam
799 2368 848 2445 qui
868 2367 946 2428 hona
966 2368 1024 2427 lide
1046 2366 1120 2426 deos
1138 2365 1220 2440 colit,
1340 2366 1350 2461 l

218 2456 293 2507 amat
315 2456 344 2507 et
373 2449 554 2510 sacerdotes.
595 2449 655 2510 Sed
678 2451 808 2529 quamuis
834 2454 1004 2531 propiorem
1024 2468 1131 2509 uenum
1152 2450 1221 2510 ami·
1348 2465 1349 2470 ¹

219 2532 305 2591 citiae
328 2540 396 2591 tuae
417 2531 587 2611 iampridem
609 2550 758 2613 cuperem,
780 2535 899 2595 mallem
916 2545 1012 2596 tamen
1033 2534 1159 2596 noudum
1180 2534 1222 2592 in-

216 2616 382 2675 tervenisse
404 2616 563 2676 materiam.

585 2698 712 2779 Reliqua
734 2700 849 2763 desunt.

324 2857 350 2908 1.
379 2814 607 2907 nannenten
636 2856 678 2907 ru
701 2799 934 2914 ansonem
962 2858 1111 2909 sununs.

279 2950 312 3011 Si
329 2968 430 3011 manus
451 2961 500 3011 aut
521 2950 631 3011 similes
652 2950 759 3012 docilis
780 2951 849 3013 mihi
870 2952 983 3027 lingere
1003 2970 1090 3015 ceras

217 3034 276 3093 Aut
299 3032 371 3093 ebur
392 3035 534 3113 inpressis
555 3050 692 3095 aurumve
715 3037 842 3097 animare
864 3036 978 3113 liguris,

181 3130 183 3134 ’
217 3117 306 3193 Hinc,
327 3117 474 3195 Priscilla,
498 3128 548 3179 tuo
569 3118 675 3179 solatia
696 3129 780 3196 grata
799 3121 902 3180 marito

158 3226 160 3230 ⁷
219 3198 423 3279 Conciperem.
468 3201 598 3281 Namque
622 3204 744 3279 egregia
765 3205 876 3282 pietate
897 3211 1037 3281 meretur,

218 3284 257 3344 llt
276 3284 326 3343 vel
346 3283 475 3363 Apelleo
494 3286 592 3347 vultus
611 3287 725 3363 signata
747 3286 878 3362 colore‚·

217 3367 354 3428 Phidiaca
375 3369 425 3429 vel
446 3378 513 3431 nata
534 3388 620 3431 mauu
638 3368 764 3429 reddare
785 3370 913 3430 dolenti·

219 3452 269 3511 Sic
291 3452 407 3512 auferre
427 3455 510 3531 rogis
530 3452 660 3526 umbram
677 3463 808 3514 conatur
826 3462 857 3513 et
876 3454 980 3530 ingens

219 3533 374 3597 Certamen
396 3552 461 3596 cum
479 3546 573 3598 morte
593 3536 687 3615 gerit,
712 3554 857 3616 curasque
878 3537 1004 3613 laligat'
1094 3592 1098 3598 ,

218 3618 369 3681 Artificum
391 3621 478 3704 inque
499 3623 577 3683 omni
599 3630 629 3683 te
649 3622 764 3699 qtuaerit
784 3620 1031 3685 amarcmctallo.
