<?xml version="1.0" encoding="UTF-8"?>
<!DOCTYPE html PUBLIC "-//W3C//DTD XHTML 1.0 Transitional//EN"
    "http://www.w3.org/TR/xhtml1/DTD/xhtml1-transitional.dtd">
<html xmlns="http://www.w3.org/1999/xhtml" xml:lang="en" lang="en">
 <head>
  <title>
</title>
<meta http-equiv="Content-Type" content="text/html;charset=utf-8" />
  <meta name='ocr-system' content='tesseract 3.04.00' />
  <meta name='ocr-capabilities' content='ocr_page ocr_carea ocr_par ocr_line ocrx_word'/>
</head>
<body>
  <div class='ocr_page' id='page_1' title='image "./publiuspapinius01quecgoog/publiuspapinius01quecgoog_0349.png"; bbox 0 0 2842 4300; ppageno 0'>
   <div class='ocr_carea' id='block_1_1' title="bbox 238 311 903 383">
    <p class='ocr_par' dir='ltr' id='par_1_1' title="bbox 238 311 903 383">
     <span class='ocr_line' id='line_1_1' title="bbox 238 311 903 383; baseline -0.003 -6"><span class='ocrx_word' id='word_1_1' title='bbox 238 311 311 383; x_wconf 74' lang='lat'><strong>152,</strong></span> <span class='ocrx_word' id='word_1_2' title='bbox 547 352 550 361; x_wconf 21' lang='grc' dir='ltr'><strong><em>Δ</em></strong></span> <span class='ocrx_word' id='word_1_3' title='bbox 575 325 610 375; x_wconf 78' lang='lat' dir='ltr'><strong>e.</strong></span> <span class='ocrx_word' id='word_1_4' title='bbox 631 326 766 376; x_wconf 76' lang='lat' dir='ltr'><strong>eaerum</strong></span> <span class='ocrx_word' id='word_1_5' title='bbox 786 323 903 376; x_wconf 80' lang='lat' dir='ltr'><strong>susum</strong></span> 
     </span>
    </p>
   </div>
   <div class='ocr_carea' id='block_1_2' title="bbox 235 481 1335 1323">
    <p class='ocr_par' dir='ltr' id='par_1_2' title="bbox 235 481 1335 1053">
     <span class='ocr_line' id='line_1_2' title="bbox 235 481 968 563; baseline -0.004 -18"><span class='ocrx_word' id='word_1_6' title='bbox 235 484 364 547; x_wconf 79' lang='lat' dir='ltr'><strong>Admitti.</strong></span> <span class='ocrx_word' id='word_1_7' title='bbox 409 481 573 544; x_wconf 69' lang='lat' dir='ltr'><strong>‘Reserare</strong></span> <span class='ocrx_word' id='word_1_8' title='bbox 594 484 670 545; x_wconf 73' lang='lat' dir='ltr'><strong>mam</strong></span> <span class='ocrx_word' id='word_1_9' title='bbox 689 493 777 561; x_wconf 85' lang='lat' dir='ltr'><strong>rogat</strong></span> <span class='ocrx_word' id='word_1_10' title='bbox 796 484 874 563; x_wconf 85' lang='lat' dir='ltr'><strong>inpia</strong></span> <span class='ocrx_word' id='word_1_11' title='bbox 895 482 968 543; x_wconf 87' lang='lat' dir='ltr'><strong>belli</strong></span> 
     </span>
     <span class='ocr_line' id='line_1_3' title="bbox 235 567 1042 647; baseline -0.004 -17"><span class='ocrx_word' id='word_1_12' title='bbox 235 568 346 645; x_wconf 85' lang='lat' dir='ltr'><strong>blaten,</strong></span> <span class='ocrx_word' id='word_1_13' title='bbox 368 568 461 628; x_wconf 88' lang='lat' dir='ltr'><strong>iubis</strong></span> <span class='ocrx_word' id='word_1_14' title='bbox 484 569 602 647; x_wconf 79' lang='lat' dir='ltr'><strong>aliquod</strong></span> <span class='ocrx_word' id='word_1_15' title='bbox 621 571 666 628; x_wconf 90' lang='lat' dir='ltr'><strong>ius</strong></span> <span class='ocrx_word' id='word_1_16' title='bbox 689 567 859 628; x_wconf 79' lang='lat' dir='ltr'><strong>execrabile</strong></span> <span class='ocrx_word' id='word_1_17' title='bbox 881 568 985 628; x_wconf 90' lang='lat' dir='ltr'><strong>castris</strong></span> <span class='ocrx_word' id='word_1_18' title='bbox 1036 568 1042 579; x_wconf 92' lang='grc'><em>“</em></span> 
     </span>
     <span class='ocr_line' id='line_1_4' title="bbox 235 651 1334 733; baseline 0.002 -19"><span class='ocrx_word' id='word_1_19' title='bbox 235 652 310 714; x_wconf 88' lang='lat' dir='ltr'><strong>lluic</strong></span> <span class='ocrx_word' id='word_1_20' title='bbox 327 661 412 713; x_wconf 92' lang='lat' dir='ltr'><strong>utero</strong></span> <span class='ocrx_word' id='word_1_21' title='bbox 432 657 499 713; x_wconf 69' lang='lat' dir='ltr'><strong>est!</strong></span> <span class='ocrx_word' id='word_1_22' title='bbox 543 653 662 733; x_wconf 85' lang='lat' dir='ltr'><strong>Trepidi</strong></span> <span class='ocrx_word' id='word_1_23' title='bbox 682 655 774 713; x_wconf 86' lang='lat' dir='ltr'><strong>visam</strong></span> <span class='ocrx_word' id='word_1_24' title='bbox 796 670 945 731; x_wconf 77' lang='lat' dir='ltr'><strong>expavere</strong></span> <span class='ocrx_word' id='word_1_25' title='bbox 962 651 1080 731; x_wconf 85' lang='lat' dir='ltr'><strong>manipli</strong></span> <span class='ocrx_word' id='word_1_26' title='bbox 1183 659 1238 716; x_wconf 74' lang='lat'><strong>485</strong></span> <span class='ocrx_word' id='word_1_27' title='bbox 1333 723 1334 726; x_wconf 8' lang='grc' dir='ltr'><strong>Ἴ</strong></span> 
     </span>
     <span class='ocr_line' id='line_1_5' title="bbox 236 733 1335 817; baseline -0.001 -19"><span class='ocrx_word' id='word_1_28' title='bbox 236 737 429 817; x_wconf 78' lang='lat' dir='ltr'><strong>Additamque</strong></span> <span class='ocrx_word' id='word_1_29' title='bbox 451 740 558 816; x_wconf 71' lang='lat' dir='ltr'><strong>magis:</strong></span> <span class='ocrx_word' id='word_1_30' title='bbox 581 747 693 799; x_wconf 90' lang='lat' dir='ltr'><strong>remeat</strong></span> <span class='ocrx_word' id='word_1_31' title='bbox 711 740 766 797; x_wconf 92' lang='lat' dir='ltr'><strong>iam</strong></span> <span class='ocrx_word' id='word_1_32' title='bbox 786 740 892 798; x_wconf 88' lang='lat' dir='ltr'><strong>missus</strong></span> <span class='ocrx_word' id='word_1_33' title='bbox 913 736 1041 797; x_wconf 80' lang='lat' dir='ltr'><strong>Adrasto</strong></span> <span class='ocrx_word' id='word_1_34' title='bbox 1332 733 1335 751; x_wconf 65' lang='lat'><strong><em>¹</em></strong></span> 
     </span>
     <span class='ocr_line' id='line_1_6' title="bbox 235 822 1081 907; baseline -0.004 -24"><span class='ocrx_word' id='word_1_35' title='bbox 235 822 371 891; x_wconf 87' lang='lat' dir='ltr'><strong>Nuntius;</strong></span> <span class='ocrx_word' id='word_1_36' title='bbox 395 824 543 901; x_wconf 84' lang='lat' dir='ltr'><strong>excipiunt</strong></span> <span class='ocrx_word' id='word_1_37' title='bbox 563 824 633 883; x_wconf 85' lang='lat' dir='ltr'><strong>inssi</strong></span> <span class='ocrx_word' id='word_1_38' title='bbox 655 824 827 901; x_wconf 87' lang='lat' dir='ltr'><strong>mediosque</strong></span> <span class='ocrx_word' id='word_1_39' title='bbox 849 840 905 901; x_wconf 92' lang='lat' dir='ltr'><strong>per</strong></span> <span class='ocrx_word' id='word_1_40' title='bbox 920 838 1034 881; x_wconf 81' lang='lat' dir='ltr'><strong>enses-</strong></span> <span class='ocrx_word' id='word_1_41' title='bbox 1076 898 1081 907; x_wconf 16' lang='grc' dir='ltr'><strong>ς</strong></span> 
     </span>
     <span class='ocr_line' id='line_1_7' title="bbox 235 905 1097 986; baseline -0.001 -19"><span class='ocrx_word' id='word_1_42' title='bbox 235 906 312 968; x_wconf 88' lang='lat' dir='ltr'><strong>Dant</strong></span> <span class='ocrx_word' id='word_1_43' title='bbox 331 908 400 975; x_wconf 90' lang='lat' dir='ltr'><strong>iter;</strong></span> <span class='ocrx_word' id='word_1_44' title='bbox 423 907 473 967; x_wconf 89' lang='lat' dir='ltr'><strong>illa</strong></span> <span class='ocrx_word' id='word_1_45' title='bbox 494 908 585 968; x_wconf 89' lang='lat' dir='ltr'><strong>duces</strong></span> <span class='ocrx_word' id='word_1_46' title='bbox 604 916 636 967; x_wconf 91' lang='lat' dir='ltr'><strong>ut</strong></span> <span class='ocrx_word' id='word_1_47' title='bbox 653 910 774 986; x_wconf 89' lang='lat' dir='ltr'><strong>primum</strong></span> <span class='ocrx_word' id='word_1_48' title='bbox 794 907 930 985; x_wconf 83' lang='lat' dir='ltr'><strong>adspexit</strong></span> <span class='ocrx_word' id='word_1_49' title='bbox 951 905 1097 975; x_wconf 77' lang='lat' dir='ltr'><strong>Achivos,</strong></span> 
     </span>
     <span class='ocr_line' id='line_1_8' title="bbox 238 990 970 1053; baseline -0.003 -1"><span class='ocrx_word' id='word_1_50' title='bbox 238 990 402 1053; x_wconf 80' lang='lat' dir='ltr'><strong>Clamorem</strong></span> <span class='ocrx_word' id='word_1_51' title='bbox 420 991 594 1053; x_wconf 91' lang='lat' dir='ltr'><strong>horrendum</strong></span> <span class='ocrx_word' id='word_1_52' title='bbox 608 992 687 1052; x_wconf 88' lang='lat' dir='ltr'><strong>luctu</strong></span> <span class='ocrx_word' id='word_1_53' title='bbox 707 993 811 1053; x_wconf 79' lang='lat' dir='ltr'><strong>furiata</strong></span> <span class='ocrx_word' id='word_1_54' title='bbox 832 990 970 1051; x_wconf 89' lang='lat' dir='ltr'><strong>resolvit:</strong></span> 
     </span>
    </p>

    <p class='ocr_par' dir='ltr' id='par_1_3' title="bbox 237 1073 1241 1323">
     <span class='ocr_line' id='line_1_9' title="bbox 302 1073 1241 1155; baseline -0.002 -19"><span class='ocrx_word' id='word_1_55' title='bbox 302 1075 448 1153; x_wconf 72' lang='lat' dir='ltr'><strong>‘Argolici</strong></span> <span class='ocrx_word' id='word_1_56' title='bbox 465 1094 626 1155; x_wconf 87' lang='lat' dir='ltr'><strong>proceres,</strong></span> <span class='ocrx_word' id='word_1_57' title='bbox 650 1078 752 1155; x_wconf 87' lang='lat' dir='ltr'><strong>eequis</strong></span> <span class='ocrx_word' id='word_1_58' title='bbox 768 1077 971 1137; x_wconf 70' lang='lat' dir='ltr'><strong>monstraverit</strong></span> <span class='ocrx_word' id='word_1_59' title='bbox 989 1073 1122 1152; x_wconf 82' lang='lat' dir='ltr'><strong>bostem,</strong></span> <span class='ocrx_word' id='word_1_60' title='bbox 1184 1085 1241 1141; x_wconf 77' lang='lat'><strong>490</strong></span> 
     </span>
     <span class='ocr_line' id='line_1_10' title="bbox 237 1159 1139 1241; baseline -0.002 -19"><span class='ocrx_word' id='word_1_61' title='bbox 237 1161 331 1236; x_wconf 78' lang='lat' dir='ltr'><strong>Quem</strong></span> <span class='ocrx_word' id='word_1_62' title='bbox 352 1159 479 1241; x_wconf 89' lang='lat' dir='ltr'><strong>peperi?</strong></span> <span class='ocrx_word' id='word_1_63' title='bbox 502 1178 623 1240; x_wconf 85' lang='lat' dir='ltr'><strong>quanam</strong></span> <span class='ocrx_word' id='word_1_64' title='bbox 645 1162 804 1238; x_wconf 83' lang='lat' dir='ltr'><strong>inveniam,</strong></span> <span class='ocrx_word' id='word_1_65' title='bbox 827 1160 894 1220; x_wconf 90' lang='lat' dir='ltr'><strong>mibi</strong></span> <span class='ocrx_word' id='word_1_66' title='bbox 914 1161 1020 1235; x_wconf 87' lang='lat' dir='ltr'><strong>dicite,</strong></span> <span class='ocrx_word' id='word_1_67' title='bbox 1041 1170 1139 1220; x_wconf 86' lang='lat' dir='ltr'><strong>natum</strong></span> 
     </span>
     <span class='ocr_line' id='line_1_11' title="bbox 237 1243 996 1323; baseline -0.004 -17"><span class='ocrx_word' id='word_1_68' title='bbox 237 1245 297 1306; x_wconf 87' lang='lat' dir='ltr'><strong>Sub</strong></span> <span class='ocrx_word' id='word_1_69' title='bbox 315 1243 441 1323; x_wconf 81' lang='lat' dir='ltr'><strong>galeal&#39;</strong></span> <span class='ocrx_word' id='word_1_70' title='bbox 463 1246 553 1306; x_wconf 86' lang='lat' dir='ltr'><strong>Venit</strong></span> <span class='ocrx_word' id='word_1_71' title='bbox 572 1248 710 1307; x_wconf 87' lang='lat' dir='ltr'><strong>attonitae</strong></span> <span class='ocrx_word' id='word_1_72' title='bbox 730 1245 884 1306; x_wconf 80' lang='lat' dir='ltr'><strong>Cadmeius</strong></span> <span class='ocrx_word' id='word_1_73' title='bbox 905 1247 996 1307; x_wconf 90' lang='lat' dir='ltr'><strong>beros</strong></span> 
     </span>
    </p>
   </div>
   <div class='ocr_carea' id='block_1_3' title="bbox 128 1329 1029 1410">
    <p class='ocr_par' dir='ltr' id='par_1_4' title="bbox 128 1329 1029 1410">
     <span class='ocr_line' id='line_1_12' title="bbox 128 1329 1029 1410; baseline -0.002 -20"><span class='ocrx_word' id='word_1_74' title='bbox 128 1374 129 1377; x_wconf 63' lang='lat'>,</span> <span class='ocrx_word' id='word_1_75' title='bbox 236 1329 365 1407; x_wconf 80' lang='lat' dir='ltr'><strong>Obvius,</strong></span> <span class='ocrx_word' id='word_1_76' title='bbox 386 1340 415 1391; x_wconf 88' lang='lat' dir='ltr'><strong>et</strong></span> <span class='ocrx_word' id='word_1_77' title='bbox 437 1341 549 1410; x_wconf 87' lang='lat' dir='ltr'><strong>raptem</strong></span> <span class='ocrx_word' id='word_1_78' title='bbox 572 1331 698 1391; x_wconf 79' lang='lat' dir='ltr'><strong>lacrimis</strong></span> <span class='ocrx_word' id='word_1_79' title='bbox 721 1330 914 1409; x_wconf 71' lang='lat' dir='ltr'><strong>gaudentibus</strong></span> <span class='ocrx_word' id='word_1_80' title='bbox 935 1329 1029 1408; x_wconf 81' lang='lat' dir='ltr'><strong>inplet</strong></span> 
     </span>
    </p>
   </div>
   <div class='ocr_carea' id='block_1_4' title="bbox 235 1415 1238 1919">
    <p class='ocr_par' dir='ltr' id='par_1_5' title="bbox 235 1415 1238 1664">
     <span class='ocr_line' id='line_1_13' title="bbox 237 1415 1051 1495; baseline -0.004 -20"><span class='ocrx_word' id='word_1_81' title='bbox 237 1415 412 1493; x_wconf 82' lang='lat' dir='ltr'><strong>solaturque</strong></span> <span class='ocrx_word' id='word_1_82' title='bbox 435 1425 555 1491; x_wconf 87' lang='lat' dir='ltr'><strong>tenens,</strong></span> <span class='ocrx_word' id='word_1_83' title='bbox 578 1425 665 1495; x_wconf 87' lang='lat' dir='ltr'><strong>atque</strong></span> <span class='ocrx_word' id='word_1_84' title='bbox 681 1417 759 1475; x_wconf 90' lang='lat' dir='ltr'><strong>inter</strong></span> <span class='ocrx_word' id='word_1_85' title='bbox 779 1415 893 1492; x_wconf 89' lang='lat' dir='ltr'><strong>singula</strong></span> <span class='ocrx_word' id='word_1_86' title='bbox 914 1424 1051 1489; x_wconf 82' lang='lat' dir='ltr'><strong>matrem,</strong></span> 
     </span>
     <span class='ocr_line' id='line_1_14' title="bbox 235 1498 1238 1579; baseline 0.003 -19"><span class='ocrx_word' id='word_1_87' title='bbox 235 1498 357 1560; x_wconf 83' lang='lat' dir='ltr'><strong>Matrem</strong></span> <span class='ocrx_word' id='word_1_88' title='bbox 378 1501 481 1577; x_wconf 83' lang='lat' dir='ltr'><strong>iterat,</strong></span> <span class='ocrx_word' id='word_1_89' title='bbox 501 1518 577 1559; x_wconf 88' lang='lat' dir='ltr'><strong>nuuc</strong></span> <span class='ocrx_word' id='word_1_90' title='bbox 591 1502 684 1579; x_wconf 85' lang='lat' dir='ltr'><strong>ipsam</strong></span> <span class='ocrx_word' id='word_1_91' title='bbox 700 1518 828 1577; x_wconf 87' lang='lat' dir='ltr'><strong>urgens,</strong></span> <span class='ocrx_word' id='word_1_92' title='bbox 850 1516 926 1559; x_wconf 89' lang='lat' dir='ltr'><strong>nnnc</strong></span> <span class='ocrx_word' id='word_1_93' title='bbox 941 1515 1009 1574; x_wconf 80' lang='lat' dir='ltr'><strong>esra</strong></span> <span class='ocrx_word' id='word_1_94' title='bbox 1026 1514 1160 1559; x_wconf 89' lang='lat' dir='ltr'><strong>sororum</strong></span> <span class='ocrx_word' id='word_1_95' title='bbox 1182 1508 1238 1564; x_wconf 75' lang='lat'><strong>495</strong></span> 
     </span>
     <span class='ocr_line' id='line_1_15' title="bbox 235 1583 1011 1664; baseline -0.001 -21"><span class='ocrx_word' id='word_1_96' title='bbox 235 1583 378 1660; x_wconf 79' lang='lat' dir='ltr'><strong>Pectora,</strong></span> <span class='ocrx_word' id='word_1_97' title='bbox 401 1602 487 1663; x_wconf 93' lang='lat' dir='ltr'><strong>quum</strong></span> <span class='ocrx_word' id='word_1_98' title='bbox 508 1586 596 1645; x_wconf 88' lang='lat' dir='ltr'><strong>mixta</strong></span> <span class='ocrx_word' id='word_1_99' title='bbox 618 1586 703 1645; x_wconf 78' lang='lat' dir='ltr'><strong>fletus</strong></span> <span class='ocrx_word' id='word_1_100' title='bbox 723 1603 794 1645; x_wconf 92' lang='lat' dir='ltr'><strong>anus</strong></span> <span class='ocrx_word' id='word_1_101' title='bbox 815 1592 932 1664; x_wconf 84' lang='lat' dir='ltr'><strong>asperat</strong></span> <span class='ocrx_word' id='word_1_102' title='bbox 952 1586 1011 1643; x_wconf 88' lang='lat' dir='ltr'><strong>ira:</strong></span> 
     </span>
    </p>

    <p class='ocr_par' dir='ltr' id='par_1_6' title="bbox 235 1667 1180 1919">
     <span class='ocr_line' id='line_1_16' title="bbox 299 1667 1180 1748; baseline -0.001 -20"><span class='ocrx_word' id='word_1_103' title='bbox 299 1667 394 1741; x_wconf 75' lang='lat' dir='ltr'><strong>‘Quid</strong></span> <span class='ocrx_word' id='word_1_104' title='bbox 414 1669 520 1729; x_wconf 87' lang='lat' dir='ltr'><strong>molles</strong></span> <span class='ocrx_word' id='word_1_105' title='bbox 541 1670 675 1731; x_wconf 81' lang='lat' dir='ltr'><strong>lacrimas</strong></span> <span class='ocrx_word' id='word_1_106' title='bbox 695 1669 922 1748; x_wconf 83' lang='lat' dir='ltr'><strong>venerandaque</strong></span> <span class='ocrx_word' id='word_1_107' title='bbox 941 1668 1057 1729; x_wconf 87' lang='lat' dir='ltr'><strong>nomina</strong></span> <span class='ocrx_word' id='word_1_108' title='bbox 1078 1668 1180 1747; x_wconf 81' lang='lat' dir='ltr'><strong>lingis,</strong></span> 
     </span>
     <span class='ocr_line' id='line_1_17' title="bbox 235 1750 1062 1833; baseline 0.002 -22"><span class='ocrx_word' id='word_1_109' title='bbox 235 1750 302 1812; x_wconf 82' lang='lat' dir='ltr'><strong>Rex</strong></span> <span class='ocrx_word' id='word_1_110' title='bbox 320 1751 448 1831; x_wconf 80' lang='lat' dir='ltr'><strong>Argiue,</strong></span> <span class='ocrx_word' id='word_1_111' title='bbox 468 1752 559 1813; x_wconf 82' lang='lat' dir='ltr'><strong>milri?</strong></span> <span class='ocrx_word' id='word_1_112' title='bbox 582 1754 649 1833; x_wconf 92' lang='lat' dir='ltr'><strong>quid</strong></span> <span class='ocrx_word' id='word_1_113' title='bbox 668 1754 746 1815; x_wconf 90' lang='lat' dir='ltr'><strong>eolla</strong></span> <span class='ocrx_word' id='word_1_114' title='bbox 765 1754 948 1833; x_wconf 81' lang='lat' dir='ltr'><strong>amplexibus</strong></span> <span class='ocrx_word' id='word_1_115' title='bbox 969 1752 1062 1813; x_wconf 92' lang='lat' dir='ltr'><strong>ambis</strong></span> 
     </span>
     <span class='ocr_line' id='line_1_18' title="bbox 235 1835 954 1919; baseline 0.001 -23"><span class='ocrx_word' id='word_1_116' title='bbox 235 1835 419 1916; x_wconf 86' lang='lat' dir='ltr'><strong>invisamque</strong></span> <span class='ocrx_word' id='word_1_117' title='bbox 440 1840 512 1899; x_wconf 89' lang='lat' dir='ltr'><strong>teris</strong></span> <span class='ocrx_word' id='word_1_118' title='bbox 534 1839 645 1900; x_wconf 86' lang='lat' dir='ltr'><strong>ferrato</strong></span> <span class='ocrx_word' id='word_1_119' title='bbox 667 1849 791 1919; x_wconf 91' lang='lat' dir='ltr'><strong>pectore</strong></span> <span class='ocrx_word' id='word_1_120' title='bbox 812 1836 954 1899; x_wconf 83' lang='lat' dir='ltr'><strong>matrem?</strong></span> 
     </span>
    </p>
   </div>
   <div class='ocr_carea' id='block_1_5' title="bbox 237 1919 1334 2006">
    <p class='ocr_par' dir='ltr' id='par_1_7' title="bbox 237 1919 1334 2006">
     <span class='ocr_line' id='line_1_19' title="bbox 237 1919 1334 2006; baseline 0.007 -26"><span class='ocrx_word' id='word_1_121' title='bbox 237 1920 318 1982; x_wconf 79' lang='lat' dir='ltr'><strong>&#39;l&#39;une</strong></span> <span class='ocrx_word' id='word_1_122' title='bbox 340 1922 391 1982; x_wconf 92' lang='lat' dir='ltr'><strong>ille</strong></span> <span class='ocrx_word' id='word_1_123' title='bbox 414 1924 505 1984; x_wconf 84' lang='lat' dir='ltr'><strong>exilio</strong></span> <span class='ocrx_word' id='word_1_124' title='bbox 523 1942 617 2002; x_wconf 81' lang='lat' dir='ltr'><strong>vagus</strong></span> <span class='ocrx_word' id='word_1_125' title='bbox 638 1934 667 1985; x_wconf 93' lang='lat' dir='ltr'><strong>et</strong></span> <span class='ocrx_word' id='word_1_126' title='bbox 689 1924 863 1984; x_wconf 87' lang='lat' dir='ltr'><strong>miserabilis</strong></span> <span class='ocrx_word' id='word_1_127' title='bbox 883 1919 1015 2001; x_wconf 78' lang='lat' dir='ltr'><strong>hospes?</strong></span> <span class='ocrx_word' id='word_1_128' title='bbox 1160 1934 1253 2006; x_wconf 21' lang='lat' dir='ltr'><strong>ettho-</strong></span> <span class='ocrx_word' id='word_1_129' title='bbox 1333 1993 1334 2000; x_wconf 9' lang='grc' dir='ltr'>χ</span> 
     </span>
    </p>
   </div>
   <div class='ocr_carea' id='block_1_6' title="bbox 234 2006 1334 3103">
    <p class='ocr_par' dir='ltr' id='par_1_8' title="bbox 236 2006 1057 2174">
     <span class='ocr_line' id='line_1_20' title="bbox 237 2006 1057 2087; baseline -0.001 -21"><span class='ocrx_word' id='word_1_130' title='bbox 237 2006 330 2081; x_wconf 78' lang='lat' dir='ltr'><strong>Quem</strong></span> <span class='ocrx_word' id='word_1_131' title='bbox 351 2025 410 2067; x_wconf 91' lang='lat' dir='ltr'><strong>non</strong></span> <span class='ocrx_word' id='word_1_132' title='bbox 431 2009 619 2087; x_wconf 82' lang='lat' dir='ltr'><strong>permovens!</strong></span> <span class='ocrx_word' id='word_1_133' title='bbox 641 2010 729 2087; x_wconf 88' lang='lat' dir='ltr'><strong>longe</strong></span> <span class='ocrx_word' id='word_1_134' title='bbox 751 2018 799 2069; x_wconf 84' lang='lat' dir='ltr'><strong>tua</strong></span> <span class='ocrx_word' id='word_1_135' title='bbox 816 2010 895 2068; x_wconf 86' lang='lat' dir='ltr'><strong>iussa</strong></span> <span class='ocrx_word' id='word_1_136' title='bbox 916 2007 1057 2067; x_wconf 89' lang='lat' dir='ltr'><strong>cobortes</strong></span> 
     </span>
     <span class='ocr_line' id='line_1_21' title="bbox 236 2090 1006 2174; baseline -0.003 -22"><span class='ocrx_word' id='word_1_137' title='bbox 236 2090 417 2172; x_wconf 78' lang='lat' dir='ltr'><strong>Expectant,</strong></span> <span class='ocrx_word' id='word_1_138' title='bbox 440 2094 589 2173; x_wconf 91' lang='lat' dir='ltr'><strong>multoque</strong></span> <span class='ocrx_word' id='word_1_139' title='bbox 607 2095 682 2155; x_wconf 88' lang='lat' dir='ltr'><strong>latus</strong></span> <span class='ocrx_word' id='word_1_140' title='bbox 703 2094 904 2174; x_wconf 78' lang='lat' dir='ltr'><strong>praefulgurat</strong></span> <span class='ocrx_word' id='word_1_141' title='bbox 923 2110 1006 2153; x_wconf 92' lang='lat' dir='ltr'><strong>ense.</strong></span> 
     </span>
    </p>

    <p class='ocr_par' dir='ltr' id='par_1_9' title="bbox 235 2177 1050 2344">
     <span class='ocr_line' id='line_1_22' title="bbox 236 2177 1050 2258; baseline -0.001 -21"><span class='ocrx_word' id='word_1_142' title='bbox 236 2177 283 2237; x_wconf 79' lang='lat' dir='ltr'><strong>At</strong></span> <span class='ocrx_word' id='word_1_143' title='bbox 305 2179 429 2238; x_wconf 91' lang='lat' dir='ltr'><strong>miserae</strong></span> <span class='ocrx_word' id='word_1_144' title='bbox 450 2179 572 2240; x_wconf 90' lang='lat' dir='ltr'><strong>matres!</strong></span> <span class='ocrx_word' id='word_1_145' title='bbox 595 2180 670 2239; x_wconf 91' lang='lat' dir='ltr'><strong>hune</strong></span> <span class='ocrx_word' id='word_1_146' title='bbox 691 2189 722 2239; x_wconf 94' lang='lat' dir='ltr'><strong>te</strong></span> <span class='ocrx_word' id='word_1_147' title='bbox 742 2188 904 2258; x_wconf 88' lang='lat' dir='ltr'><strong>noctesque</strong></span> <span class='ocrx_word' id='word_1_148' title='bbox 926 2178 1050 2255; x_wconf 86' lang='lat' dir='ltr'><strong>diesque</strong></span> 
     </span>
     <span class='ocr_line' id='line_1_23' title="bbox 235 2261 1017 2344; baseline -0.003 -22"><span class='ocrx_word' id='word_1_149' title='bbox 235 2261 402 2332; x_wconf 81' lang='lat' dir='ltr'><strong>Dedebam3</strong></span> <span class='ocrx_word' id='word_1_150' title='bbox 425 2264 450 2322; x_wconf 92' lang='lat' dir='ltr'><strong>si</strong></span> <span class='ocrx_word' id='word_1_151' title='bbox 470 2263 560 2324; x_wconf 86' lang='lat' dir='ltr'><strong>verbe</strong></span> <span class='ocrx_word' id='word_1_152' title='bbox 580 2273 676 2324; x_wconf 86' lang='lat' dir='ltr'><strong>tamen</strong></span> <span class='ocrx_word' id='word_1_153' title='bbox 696 2265 883 2344; x_wconf 90' lang='lat' dir='ltr'><strong>monitusque</strong></span> <span class='ocrx_word' id='word_1_154' title='bbox 902 2273 1017 2323; x_wconf 88' lang='lat' dir='ltr'><strong>tuorum</strong></span> 
     </span>
    </p>

    <p class='ocr_par' dir='ltr' id='par_1_10' title="bbox 234 2341 1235 2513">
     <span class='ocr_line' id='line_1_24' title="bbox 234 2341 1235 2428; baseline 0.002 -20"><span class='ocrx_word' id='word_1_155' title='bbox 234 2347 388 2424; x_wconf 83' lang='lat' dir='ltr'><strong>Dignaris,</strong></span> <span class='ocrx_word' id='word_1_156' title='bbox 411 2341 477 2408; x_wconf 89' lang='lat' dir='ltr'><strong>dum</strong></span> <span class='ocrx_word' id='word_1_157' title='bbox 499 2357 595 2408; x_wconf 87' lang='lat' dir='ltr'><strong>eastra</strong></span> <span class='ocrx_word' id='word_1_158' title='bbox 613 2349 700 2409; x_wconf 89' lang='lat' dir='ltr'><strong>silent</strong></span> <span class='ocrx_word' id='word_1_159' title='bbox 722 2347 1054 2428; x_wconf 86' lang='lat' dir='ltr'><strong>suspensaquebellum</strong></span> <span class='ocrx_word' id='word_1_160' title='bbox 1181 2356 1235 2410; x_wconf 77' lang='lat'><strong>505</strong></span> 
     </span>
     <span class='ocr_line' id='line_1_25' title="bbox 234 2431 1019 2513; baseline 0.001 -22"><span class='ocrx_word' id='word_1_161' title='bbox 234 2431 388 2493; x_wconf 81' lang='lat' dir='ltr'><strong>Horrescit</strong></span> <span class='ocrx_word' id='word_1_162' title='bbox 406 2435 519 2511; x_wconf 87' lang='lat' dir='ltr'><strong>pietas,</strong></span> <span class='ocrx_word' id='word_1_163' title='bbox 544 2433 845 2512; x_wconf 86' lang='lat' dir='ltr'><strong>genetrix.iubeoque</strong></span> <span class='ocrx_word' id='word_1_164' title='bbox 865 2449 1019 2513; x_wconf 85' lang='lat' dir='ltr'><strong>rogoque,</strong></span> 
     </span>
    </p>

    <p class='ocr_par' dir='ltr' id='par_1_11' title="bbox 234 2515 1334 3103">
     <span class='ocr_line' id='line_1_26' title="bbox 235 2515 1334 2597; baseline 0.002 -22"><span class='ocrx_word' id='word_1_165' title='bbox 235 2515 379 2576; x_wconf 89' lang='lat' dir='ltr'><strong>lmecum</strong></span> <span class='ocrx_word' id='word_1_166' title='bbox 400 2519 568 2595; x_wconf 87' lang='lat' dir='ltr'><strong>patriosque</strong></span> <span class='ocrx_word' id='word_1_167' title='bbox 591 2518 664 2578; x_wconf 89' lang='lat' dir='ltr'><strong>deos</strong></span> <span class='ocrx_word' id='word_1_168' title='bbox 687 2535 845 2596; x_wconf 87' lang='lat' dir='ltr'><strong>arsuraque</strong></span> <span class='ocrx_word' id='word_1_169' title='bbox 867 2519 971 2577; x_wconf 89' lang='lat' dir='ltr'><strong>saltem</strong></span> <span class='ocrx_word' id='word_1_170' title='bbox 1333 2582 1334 2597; x_wconf 16' lang='lat' dir='ltr'><strong>q</strong></span> 
     </span>
     <span class='ocr_line' id='line_1_27' title="bbox 235 2598 1232 2681; baseline 0.003 -23"><span class='ocrx_word' id='word_1_171' title='bbox 235 2598 326 2660; x_wconf 80' lang='lat' dir='ltr'><strong>Tecta</strong></span> <span class='ocrx_word' id='word_1_172' title='bbox 343 2600 430 2678; x_wconf 82' lang='lat' dir='ltr'><strong>vide,</strong></span> <span class='ocrx_word' id='word_1_173' title='bbox 452 2601 630 2680; x_wconf 81' lang='lat' dir='ltr'><strong>fratremque</strong></span> <span class='ocrx_word' id='word_1_174' title='bbox 645 2635 687 2646; x_wconf 87' lang='lat'><em>-</em></span> <span class='ocrx_word' id='word_1_175' title='bbox 703 2603 772 2681; x_wconf 92' lang='lat' dir='ltr'><strong>quid</strong></span> <span class='ocrx_word' id='word_1_176' title='bbox 786 2603 885 2663; x_wconf 88' lang='lat' dir='ltr'><strong>aulers</strong></span> <span class='ocrx_word' id='word_1_177' title='bbox 902 2599 1029 2662; x_wconf 75' lang='lat' dir='ltr'><strong>lumina?</strong></span> <span class='ocrx_word' id='word_1_178' title='bbox 1051 2635 1093 2648; x_wconf 84' lang='lat'><strong>-</strong></span> <span class='ocrx_word' id='word_1_179' title='bbox 1110 2599 1232 2662; x_wconf 75' lang='lat' dir='ltr'><strong>fratrem</strong></span> 
     </span>
     <span class='ocr_line' id='line_1_28' title="bbox 235 2682 1334 2777; baseline 0.002 -33"><span class='ocrx_word' id='word_1_180' title='bbox 235 2682 426 2768; x_wconf 72' lang='lat' dir='ltr'><strong>Alloquere‚‘</strong></span> <span class='ocrx_word' id='word_1_181' title='bbox 440 2695 470 2745; x_wconf 88' lang='lat' dir='ltr'><strong>et</strong></span> <span class='ocrx_word' id='word_1_182' title='bbox 488 2705 610 2764; x_wconf 90' lang='lat' dir='ltr'><strong>rognum</strong></span> <span class='ocrx_word' id='word_1_183' title='bbox 631 2687 686 2746; x_wconf 87' lang='lat' dir='ltr'><strong>iam</strong></span> <span class='ocrx_word' id='word_1_184' title='bbox 707 2705 754 2746; x_wconf 90' lang='lat' dir='ltr'><strong>me</strong></span> <span class='ocrx_word' id='word_1_185' title='bbox 778 2687 832 2746; x_wconf 91' lang='lat' dir='ltr'><strong>sub</strong></span> <span class='ocrx_word' id='word_1_186' title='bbox 853 2688 949 2748; x_wconf 88' lang='lat' dir='ltr'><strong>iudice</strong></span> <span class='ocrx_word' id='word_1_187' title='bbox 970 2702 1075 2765; x_wconf 88' lang='lat' dir='ltr'><strong>posce.</strong></span> <span class='ocrx_word' id='word_1_188' title='bbox 1333 2726 1334 2777; x_wconf 64' lang='lat' dir='ltr'><strong>p</strong></span> 
     </span>
     <span class='ocr_line' id='line_1_29' title="bbox 235 2768 1334 2846; baseline 0.005 -18"><span class='ocrx_word' id='word_1_189' title='bbox 235 2768 294 2828; x_wconf 80' lang='lat' dir='ltr'><strong>Aut</strong></span> <span class='ocrx_word' id='word_1_190' title='bbox 315 2768 410 2846; x_wconf 89' lang='lat' dir='ltr'><strong>dabit,</strong></span> <span class='ocrx_word' id='word_1_191' title='bbox 433 2779 482 2830; x_wconf 85' lang='lat' dir='ltr'><strong>aut</strong></span> <span class='ocrx_word' id='word_1_192' title='bbox 505 2771 614 2831; x_wconf 86' lang='lat' dir='ltr'><strong>ferrum</strong></span> <span class='ocrx_word' id='word_1_193' title='bbox 632 2789 720 2832; x_wconf 91' lang='lat' dir='ltr'><strong>causa</strong></span> <span class='ocrx_word' id='word_1_194' title='bbox 741 2772 864 2832; x_wconf 89' lang='lat' dir='ltr'><strong>meliore</strong></span> <span class='ocrx_word' id='word_1_195' title='bbox 882 2789 1025 2832; x_wconf 86' lang='lat' dir='ltr'><strong>resumes.</strong></span> <span class='ocrx_word' id='word_1_196' title='bbox 1098 2795 1104 2805; x_wconf 52' lang='lat'><em>⁵</em></span> <span class='ocrx_word' id='word_1_197' title='bbox 1180 2779 1234 2834; x_wconf 75' lang='lat'><strong>51⁰</strong></span> <span class='ocrx_word' id='word_1_198' title='bbox 1333 2780 1334 2783; x_wconf 76' lang='grc'>’</span> 
     </span>
     <span class='ocr_line' id='line_1_30' title="bbox 234 2849 1334 2931; baseline 0.005 -20"><span class='ocrx_word' id='word_1_199' title='bbox 234 2853 319 2928; x_wconf 63' lang='lat' dir='ltr'><strong>pinne</strong></span> <span class='ocrx_word' id='word_1_200' title='bbox 341 2856 442 2931; x_wconf 87' lang='lat' dir='ltr'><strong>times,</strong></span> <span class='ocrx_word' id='word_1_201' title='bbox 464 2873 502 2914; x_wconf 92' lang='lat' dir='ltr'><strong>ne</strong></span> <span class='ocrx_word' id='word_1_202' title='bbox 522 2857 600 2916; x_wconf 80' lang='lat' dir='ltr'><strong>torte</strong></span> <span class='ocrx_word' id='word_1_203' title='bbox 620 2849 679 2916; x_wconf 90' lang='lat' dir='ltr'><strong>doli</strong></span> <span class='ocrx_word' id='word_1_204' title='bbox 700 2866 731 2916; x_wconf 91' lang='lat' dir='ltr'><strong>te</strong></span> <span class='ocrx_word' id='word_1_205' title='bbox 753 2858 873 2918; x_wconf 89' lang='lat' dir='ltr'><strong>conscia</strong></span> <span class='ocrx_word' id='word_1_206' title='bbox 895 2864 989 2916; x_wconf 89' lang='lat' dir='ltr'><strong>mater</strong></span> <span class='ocrx_word' id='word_1_207' title='bbox 1333 2870 1334 2879; x_wconf 57' lang='lat'>¹</span> 
     </span>
     <span class='ocr_line' id='line_1_31' title="bbox 235 2935 1013 3020; baseline 0.003 -22"><span class='ocrx_word' id='word_1_208' title='bbox 235 2935 409 3016; x_wconf 84' lang='lat' dir='ltr'><strong>Decipiam?</strong></span> <span class='ocrx_word' id='word_1_209' title='bbox 430 2943 550 3000; x_wconf 82' lang='lat' dir='ltr'><strong>uon&#39;sic</strong></span> <span class='ocrx_word' id='word_1_210' title='bbox 570 2942 694 3000; x_wconf 87' lang='lat' dir='ltr'><strong>miseros</strong></span> <span class='ocrx_word' id='word_1_211' title='bbox 715 2942 761 3002; x_wconf 82' lang='lat' dir='ltr'><strong>ias</strong></span> <span class='ocrx_word' id='word_1_212' title='bbox 783 2959 869 3002; x_wconf 88' lang='lat' dir='ltr'><strong>omne</strong></span> <span class='ocrx_word' id='word_1_213' title='bbox 889 2950 1013 3020; x_wconf 89' lang='lat' dir='ltr'><strong>penates</strong></span> 
     </span>
     <span class='ocr_line' id='line_1_32' title="bbox 235 3021 925 3103; baseline 0.003 -21"><span class='ocrx_word' id='word_1_214' title='bbox 235 3021 379 3098; x_wconf 75' lang='lat' dir='ltr'><strong>Effugiet:</strong></span> <span class='ocrx_word' id='word_1_215' title='bbox 401 3025 452 3082; x_wconf 87' lang='lat' dir='ltr'><strong>vix</strong></span> <span class='ocrx_word' id='word_1_216' title='bbox 475 3022 627 3103; x_wconf 87' lang='lat' dir='ltr'><strong>Oedipode</strong></span> <span class='ocrx_word' id='word_1_217' title='bbox 650 3026 775 3086; x_wconf 86' lang='lat' dir='ltr'><strong>ducente</strong></span> <span class='ocrx_word' id='word_1_218' title='bbox 796 3030 925 3087; x_wconf 89' lang='lat' dir='ltr'><strong>timeres.</strong></span> 
     </span>
    </p>
   </div>
   <div class='ocr_carea' id='block_1_7' title="bbox 233 3105 1236 3698">
    <p class='ocr_par' dir='ltr' id='par_1_12' title="bbox 233 3105 1081 3192">
     <span class='ocr_line' id='line_1_33' title="bbox 233 3105 1081 3192; baseline 0.008 -28"><span class='ocrx_word' id='word_1_219' title='bbox 233 3105 326 3184; x_wconf 90' lang='lat' dir='ltr'><strong>Nupsi</strong></span> <span class='ocrx_word' id='word_1_220' title='bbox 346 3107 480 3184; x_wconf 86' lang='lat' dir='ltr'><strong>equidem</strong></span> <span class='ocrx_word' id='word_1_221' title='bbox 498 3111 660 3188; x_wconf 88' lang='lat' dir='ltr'><strong>peperique</strong></span> <span class='ocrx_word' id='word_1_222' title='bbox 680 3111 780 3192; x_wconf 83' lang='lat' dir='ltr'><strong>nefas,</strong></span> <span class='ocrx_word' id='word_1_223' title='bbox 802 3111 855 3170; x_wconf 91' lang='lat' dir='ltr'><strong>sed</strong></span> <span class='ocrx_word' id='word_1_224' title='bbox 877 3110 968 3187; x_wconf 78' lang='lat' dir='ltr'><strong>diligo</strong></span> <span class='ocrx_word' id='word_1_225' title='bbox 988 3109 1081 3186; x_wconf 84' lang='lat' dir='ltr'><strong>tales,</strong></span> 
     </span>
    </p>

    <p class='ocr_par' dir='ltr' id='par_1_13' title="bbox 233 3189 1234 3443">
     <span class='ocr_line' id='line_1_34' title="bbox 235 3189 1234 3268; baseline 0.012 -19"><span class='ocrx_word' id='word_1_226' title='bbox 235 3189 282 3250; x_wconf 80' lang='lat' dir='ltr'><strong>Ab</strong></span> <span class='ocrx_word' id='word_1_227' title='bbox 304 3189 407 3268; x_wconf 83' lang='lat' dir='ltr'><strong>dolor,</strong></span> <span class='ocrx_word' id='word_1_228' title='bbox 427 3199 457 3252; x_wconf 88' lang='lat' dir='ltr'><strong>et</strong></span> <span class='ocrx_word' id='word_1_229' title='bbox 473 3203 590 3254; x_wconf 82' lang='lat' dir='ltr'><strong>vestros</strong></span> <span class='ocrx_word' id='word_1_230' title='bbox 611 3196 764 3255; x_wconf 88' lang='lat' dir='ltr'><strong>etiamnum</strong></span> <span class='ocrx_word' id='word_1_231' title='bbox 779 3209 896 3254; x_wconf 83' lang='lat' dir='ltr'><strong>excuso</strong></span> <span class='ocrx_word' id='word_1_232' title='bbox 914 3193 1042 3254; x_wconf 76' lang='lat' dir='ltr'><strong>furores.</strong></span> <span class='ocrx_word' id='word_1_233' title='bbox 1181 3207 1234 3260; x_wconf 75' lang='lat' dir='ltr'><strong>oto</strong></span> 
     </span>
     <span class='ocr_line' id='line_1_35' title="bbox 235 3274 1113 3358; baseline 0.007 -25"><span class='ocrx_word' id='word_1_234' title='bbox 235 3274 349 3349; x_wconf 80' lang='lat' dir='ltr'><strong>Quodsi</strong></span> <span class='ocrx_word' id='word_1_235' title='bbox 371 3275 445 3337; x_wconf 92' lang='lat' dir='ltr'><strong>adeo</strong></span> <span class='ocrx_word' id='word_1_236' title='bbox 466 3288 597 3356; x_wconf 83' lang='lat' dir='ltr'><strong>perstas,</strong></span> <span class='ocrx_word' id='word_1_237' title='bbox 618 3279 697 3340; x_wconf 72' lang='lat' dir='ltr'><strong>ulmo</strong></span> <span class='ocrx_word' id='word_1_238' title='bbox 717 3279 786 3356; x_wconf 78' lang='lat' dir='ltr'><strong>tini,</strong></span> <span class='ocrx_word' id='word_1_239' title='bbox 807 3294 917 3355; x_wconf 77' lang='lat' dir='ltr'><strong>saeve,</strong></span> <span class='ocrx_word' id='word_1_240' title='bbox 939 3278 1113 3358; x_wconf 79' lang='lat' dir='ltr'><strong>triumphum</strong></span> 
     </span>
     <span class='ocr_line' id='line_1_36' title="bbox 233 3358 1071 3443; baseline 0.006 -24"><span class='ocrx_word' id='word_1_241' title='bbox 233 3358 413 3430; x_wconf 86' lang='lat' dir='ltr'><strong>Detulimus;</strong></span> <span class='ocrx_word' id='word_1_242' title='bbox 435 3362 530 3440; x_wconf 91' lang='lat' dir='ltr'><strong>religa</strong></span> <span class='ocrx_word' id='word_1_243' title='bbox 552 3373 652 3443; x_wconf 87' lang='lat' dir='ltr'><strong>captas</strong></span> <span class='ocrx_word' id='word_1_244' title='bbox 670 3366 803 3443; x_wconf 86' lang='lat' dir='ltr'><strong>in&#39;terga</strong></span> <span class='ocrx_word' id='word_1_245' title='bbox 825 3380 962 3439; x_wconf 78' lang='lat' dir='ltr'><strong>sorores,</strong></span> <span class='ocrx_word' id='word_1_246' title='bbox 1067 3375 1071 3383; x_wconf 82' lang='lat'>&#39;</span> 
     </span>
    </p>

    <p class='ocr_par' dir='ltr' id='par_1_14' title="bbox 234 3441 1164 3528">
     <span class='ocr_line' id='line_1_37' title="bbox 234 3441 1164 3528; baseline 0.005 -24"><span class='ocrx_word' id='word_1_247' title='bbox 234 3443 314 3505; x_wconf 92' lang='lat' dir='ltr'><strong>lnice</strong></span> <span class='ocrx_word' id='word_1_248' title='bbox 335 3446 533 3515; x_wconf 73' lang='lat' dir='ltr'><strong>vinciamini:</strong></span> <span class='ocrx_word' id='word_1_249' title='bbox 554 3449 652 3526; x_wconf 82' lang='lat' dir='ltr'><strong>gravis</strong></span> <span class='ocrx_word' id='word_1_250' title='bbox 674 3449 748 3525; x_wconf 85' lang='lat' dir='ltr'><strong>buc,</strong></span> <span class='ocrx_word' id='word_1_251' title='bbox 769 3459 926 3528; x_wconf 82' lang='lat' dir='ltr'><strong>utcumque</strong></span> <span class='ocrx_word' id='word_1_252' title='bbox 945 3449 1059 3509; x_wconf 81' lang='lat' dir='ltr'><strong>leretur</strong></span> <span class='ocrx_word' id='word_1_253' title='bbox 1160 3441 1164 3447; x_wconf 73' lang='grc'>’</span> 
     </span>
    </p>

    <p class='ocr_par' dir='ltr' id='par_1_15' title="bbox 234 3527 1236 3698">
     <span class='ocr_line' id='line_1_38' title="bbox 234 3527 1149 3612; baseline 0.007 -24"><span class='ocrx_word' id='word_1_254' title='bbox 234 3527 273 3588; x_wconf 81' lang='lat' dir='ltr'><strong>itt</strong></span> <span class='ocrx_word' id='word_1_255' title='bbox 294 3538 388 3608; x_wconf 88' lang='lat' dir='ltr'><strong>pater.</strong></span> <span class='ocrx_word' id='word_1_256' title='bbox 431 3530 478 3592; x_wconf 78' lang='lat' dir='ltr'><strong>Ad</strong></span> <span class='ocrx_word' id='word_1_257' title='bbox 496 3542 625 3592; x_wconf 84' lang='lat' dir='ltr'><strong>vestrum</strong></span> <span class='ocrx_word' id='word_1_258' title='bbox 647 3536 772 3611; x_wconf 86' lang='lat' dir='ltr'><strong>gemitus</strong></span> <span class='ocrx_word' id='word_1_259' title='bbox 792 3551 868 3594; x_wconf 91' lang='lat' dir='ltr'><strong>nunc</strong></span> <span class='ocrx_word' id='word_1_260' title='bbox 885 3543 972 3594; x_wconf 78' lang='lat' dir='ltr'><strong>verto</strong></span> <span class='ocrx_word' id='word_1_261' title='bbox 988 3533 1149 3612; x_wconf 87' lang='lat' dir='ltr'><strong>pudorem,</strong></span> 
     </span>
     <span class='ocr_line' id='line_1_39' title="bbox 235 3611 1236 3698; baseline 0.009 -25"><span class='ocrx_word' id='word_1_262' title='bbox 235 3611 407 3693; x_wconf 77' lang='lat' dir='ltr'><strong>Inachidae,</strong></span> <span class='ocrx_word' id='word_1_263' title='bbox 427 3615 551 3696; x_wconf 86' lang='lat' dir='ltr'><strong>liquistis</strong></span> <span class='ocrx_word' id='word_1_264' title='bbox 570 3618 646 3678; x_wconf 89' lang='lat' dir='ltr'><strong>enim</strong></span> <span class='ocrx_word' id='word_1_265' title='bbox 663 3632 831 3698; x_wconf 79' lang='lat' dir='ltr'><strong>paruosque</strong></span> <span class='ocrx_word' id='word_1_266' title='bbox 852 3634 999 3696; x_wconf 83' lang='lat' dir='ltr'><strong>senesque</strong></span> <span class='ocrx_word' id='word_1_267' title='bbox 1183 3629 1236 3682; x_wconf 72' lang='lat'><strong>5²⁰</strong></span> 
     </span>
    </p>
   </div>
   <div class='ocr_carea' id='block_1_8' title="bbox 0 0 1426 4300">
    <p class='ocr_par' dir='ltr' id='par_1_16' title="bbox 0 0 1426 4300">
     <span class='ocr_line' id='line_1_40' title="bbox 0 0 1426 4300; baseline 0 0"><span class='ocrx_word' id='word_1_268' title='bbox 0 0 1426 4300; x_wconf 95' lang='lat' dir='ltr'><strong> </strong></span> 
     </span>
    </p>
   </div>
  </div>
 </body>
</html>
