2842 4300
488 373 688 425 muunos
708 375 780 425 mut.
794 376 830 426 X.

179 528 322 593 Inferiore
343 531 424 607 lyra,
443 548 589 603 memores
609 531 785 612 superabitis
804 548 907 594 annos.

179 614 314 677 Forsitan
336 624 366 677 et
387 618 509 677 comites
528 634 587 677 non
608 617 810 696 aspernabitur
826 616 942 677 umbras

180 698 324 775 Euryalus
344 699 520 781 Phrygiique
541 702 670 763 admittet
686 702 783 779 gloria
801 699 875 761 Nisi.

180 784 220 844 At
240 784 321 845 ierus
341 784 504 864 Amphion,
527 788 591 863 regi
613 788 663 865 qui
683 787 761 847 laeta
781 794 933 865 reportent

179 867 390 949 Edooeantque
410 870 508 931 dolum
527 872 700 950 captivaque
722 888 850 950 eorpora
871 870 1005 945 reddant,
1127 878 1180 931 450

180 952 264 1013 Mittit
285 971 391 1023 oraus;
413 955 522 1015 eleusis
541 956 607 1034 ipse
629 956 767 1018 insultare
787 954 922 1032 Pelasgis

181 1037 284 1099 Tendit
306 1048 336 1099 et
357 1038 489 1101 ahsoisos
511 1042 658 1101 sooiorum
677 1039 835 1101 ostendere
850 1040 958 1101 uultus.

180 1121 296 1183 Interea
314 1123 453 1185 reducem
470 1141 616 1185 murorum
635 1142 652 1187 e
675 1126 800 1187 eulmine
819 1122 898 1185 Graii

180 1206 387 1271 Thiodamanta
407 1209 523 1291 rident,
545 1228 603 1271 neo
623 1210 679 1271 iam
701 1210 882 1288 erumpentia
900 1208 998 1272 celant
1130 1282 1135 1286 ¹

181 1288 305 1368 Gaudia,
327 1301 359 1353 ut
380 1302 499 1355 exortos
521 1312 609 1355 enses
629 1304 660 1357 et
680 1294 774 1355 oaede
791 1293 905 1355 reeeuti
1127 1300 1179 1366 4ῥό

179 1375 269 1437 Arma
286 1376 393 1438 rubere
414 1387 527 1447 nomam
551 1396 646 1439 novus
665 1378 758 1441 assilit
776 1377 895 1439 aethera
911 1394 1045 1455 magnum

182 1457 314 1537 Clamor,
339 1470 369 1522 et
389 1479 406 1521 e
427 1480 537 1523 summo
554 1463 683 1543 pendent
702 1463 807 1541 eupida
827 1464 942 1540 agmina
958 1462 1037 1523 vallo

179 1543 314 1605 Nosoere
334 1546 458 1626 quisque
479 1565 559 1609 suos.
596 1548 755 1609 Voluerum
777 1549 821 1612 sio
840 1547 925 1609 turha
945 1555 1096 1609 reeeutum

180 1628 275 1703 Quum
294 1631 433 1692 redueem
451 1632 544 1710 longo
562 1634 718 1712 prospexit
734 1633 764 1691 iu
784 1631 905 1693 aethere
922 1640 1052 1707 matrem,

179 1712 228 1774 Ire
247 1715 326 1794 eupit
349 1726 449 1779 eontra
469 1735 638 1799 summaque
659 1736 676 1777 e
696 1718 828 1794 margine
848 1716 907 1777 nidi
1127 1722 1180 1777 460

179 1797 269 1861 Extat
290 1799 386 1869 hiaus;
408 1801 464 1863 iam
483 1802 598 1879 iamque
619 1801 721 1876 eadat,
742 1802 771 1861 ni
793 1810 916 1879 peetore
938 1809 1000 1861 toto

181 1882 287 1944 Obstet
309 1893 411 1963 aperta
432 1902 539 1965 parens
560 1895 591 1947 et
611 1885 773 1947 amantibus
794 1886 929 1963 inorepet
950 1884 1014 1945 alis.

180 1966 314 2048 Dumque
336 1985 410 2048 opus
432 1988 567 2031 areanum
589 1979 619 2031 et
637 1971 718 2033 taciti
737 1969 912 2048 compendia
931 1967 1031 2030 hiartie

180 2051 356 2114 Enumerant
378 2053 522 2133 laetisque
542 2072 613 2115 suos
633 2054 835 2133 eomplexihus
856 2054 967 2132 inplent

179 2136 353 2217 Hopleaque
376 2141 529 2218 exquirunt
549 2140 719 2220 tardumque
740 2137 883 2216 Dymanta
900 2146 1068 2219 queruntur,
1128 2146 1180 2202 465

180 2221 263 2284 Eoee
283 2233 313 2284 et
332 2222 461 2284 Dinaeae
481 2227 560 2286 iuutu
581 2226 640 2286 dux
661 2226 793 2286 oonoitus
813 2225 879 2286 alae

180 2307 311 2368 Venerat
330 2308 493 2387 Amphion,
515 2327 574 2370 noa
595 2310 714 2388 longum
735 2309 827 2371 eaede
849 2310 963 2379 reeenti

180 2390 318 2452 Laetatur
339 2393 418 2454 videt
441 2395 596 2456 innumeris
616 2395 735 2456 fervere
756 2396 883 2455 eatervis

182 2475 329 2538 Tellurem
348 2487 436 2556 atque
456 2497 511 2540 una
529 2488 647 2556 gentem
669 2479 807 2558 expirare
827 2481 920 2540 ruina.

182 2560 239 2634 Qui
259 2570 369 2626 tremor
386 2562 494 2624 inlioita
514 2565 593 2624 eoeli
615 2565 652 2626 de
674 2563 808 2642 lampade
828 2573 925 2624 taetus
1128 2567 1182 2623 tto

180 2644 236 2706 llio
256 2645 318 2707 lixit
338 2649 487 2724 iuvenem,
512 2651 678 2728 pariterque
698 2649 822 2710 horrore
845 2647 900 2708 sub
920 2664 978 2707 uno
1155 2662 1158 2668 ·

180 2729 248 2790 Vox
270 2731 350 2792 aoies
372 2734 547 2811 sanguisque
569 2735 661 2812 perit,
683 2733 868 2811 gemitusque
888 2740 1038 2810 parantem

181 2814 250 2892 lpse
272 2814 348 2876 ultro
370 2819 515 2878 convertit
536 2835 645 2896 equus:
671 2817 745 2894 fugit
765 2817 812 2878 ala
831 2825 945 2878 retorto

181 2898 317 2960 Pulvere.
359 2900 492 2962 Nondum
512 2902 555 2962 illi
577 2901 741 2962 Thebarum
760 2902 887 2964 claustra
908 2899 1052 2974 subibant,
1168 2962 1171 2969 Ι

181 2982 297 3044 Etiam
317 2984 427 3063 Argiva
449 2986 557 3048 eohors
578 2995 722 3048 nocturno
742 2986 817 3048 freta
837 2985 981 3064 triumpho
1128 2991 1181 3048 ete

181 3066 300 3129 Prosilit
321 3071 350 3130 in
371 3087 506 3149 campos,
529 3089 584 3150 per
606 3079 635 3132 et
657 3088 736 3132 arma
758 3080 789 3132 et
805 3070 936 3132 membra
953 3070 1096 3130 iacentum
1165 3126 1170 3135 ,

184 3151 332 3232 Tetraque
355 3155 580 3232 congeriesola
602 3156 858 3234 semianimumque
875 3171 1010 3216 eruorem

184 3234 368 3316 Cornipedes
384 3239 499 3318 ipsique
520 3249 618 3309 ruauh
637 3242 736 3318 gravis
758 3241 866 3300 exterit
884 3248 964 3300 artus

181 3320 314 3399 Ungula,
343 3325 519 3401 sanguineus
539 3324 731 3386 lavat'imher
753 3333 783 3386 et
802 3325 914 3403 inpedit
933 3341 1015 3384 axes.

180 3405 278 3466 Duloe
298 3407 368 3466 viris
389 3408 445 3470 hae
463 3410 509 3469 ire
530 3411 592 3486 via,
615 3419 669 3470 eeu
691 3417 770 3470 teota
791 3408 912 3488 superbi
1128 3416 1181 3473 480

181 3489 301 3552 Sidonia
322 3501 408 3570 atque
430 3493 509 3571 ipsas
531 3494 645 3556 ealoeut
666 3495 695 3552 in
714 3494 836 3573 pulvere
855 3491 979 3554 Thebas.

244 3574 381 3636 Hortatur
399 3573 568 3657 Capaneus:
599 3578 694 3640 ‘Satis
716 3578 876 3655 oooultata,
898 3577 1025 3654 Pelasgi,

180 3657 302 3721 Delituit
323 3662 429 3731 virtum
452 3679 543 3740 nune,
565 3681 641 3726 naue
663 3663 733 3727 mihi
751 3664 871 3725 viuoere
892 3661 1043 3742 pulchrum
1169 3727 1174 3732 ,
