2842 4300
244 324 306 388 208
580 338 612 386 Ρ.
634 338 769 386 earnm
790 338 907 387 sunan

242 494 361 559 Arcada
381 492 534 572 belligeris
557 493 648 574 pudet
667 510 857 555 annumerare
878 495 1020 574 tropaeis.

242 582 277 644 ln
295 578 426 641 manibus
447 596 580 656 meroes,
605 596 746 659 nusquam
766 580 862 658 capita
882 578 971 640 ardua
992 578 1064 639 belli

242 665 479 742 monstrataeque
500 664 604 724 ducum
625 673 748 743 septena
767 681 826 743 per
845 665 959 742 agmina
979 666 1098 724 cristae.
1212 674 1248 728 3⁰

244 749 367 813 Scilicet
386 748 504 809 Adrasti
526 750 637 809 senium
656 749 807 835 fraterque
825 750 944 809 iuuenta

244 835 331 897 l’eior
353 843 383 893 et
402 833 511 893 insanis
534 830 686 912 Capaneus
707 832 878 895 metuendus
897 833 928 893 iu
949 828 1056 895 armis?

243 919 289 981 lte
311 936 382 997 age,
405 926 436 979 et
457 916 589 979 obsessis
611 916 732 995 uigilem
752 917 929 977 circumdate
948 918 1099 979 damnem.

243 1003 323 1065 Nulli
345 1018 383 1062 ex
403 1003 488 1063 hoste
508 1011 618 1078 metus,
641 1001 780 1081 praedam
802 1004 961 1063 asservatis
983 1020 1116 1081 opesque

244 1088 304 1149 lam
324 1090 462 1147 vestras?
507 1087 556 1147 Sic
576 1086 627 1147 ille
647 1096 748 1147 truces
769 1086 931 1149 hortatibus
952 1087 1045 1166 inplet
1211 1097 1246 1149 35

242 1172 438 1248 Labdacidas,
462 1172 540 1232 iuvat
564 1170 723 1231 exhaustos
743 1170 852 1231 iterare
873 1170 1002 1233 labores.

244 1259 326 1319 Sicut
347 1265 410 1317 erat
430 1256 526 1335 pulvis
547 1256 694 1335 sudorque
718 1273 863 1334 cruorque
885 1274 940 1335 per
960 1266 1040 1317 artus

242 1340 349 1403 Mixtus
370 1339 478 1417 adbuc,
500 1351 618 1401 vertere
639 1341 775 1419 gradum
798 1342 850 1400 vix
869 1340 956 1401 obvia
978 1342 1057 1421 passi

245 1425 417 1505 Colloquii,
442 1424 594 1504 amplexus
616 1428 702 1486 aiam
723 1426 902 1504 dextraeque
922 1438 1041 1485 suorum

242 1510 411 1572 Excussere
431 1509 572 1579 hamarim
601 1520 670 1570 tuuc
688 1508 813 1569 nortem
835 1526 999 1588 aversaque
1018 1519 1105 1587 terga
1211 1522 1249 1573 lo

242 1596 341 1657 Partiti
364 1594 543 1673 laterumque
565 1596 659 1671 sinus,
681 1594 789 1654 rutum
809 1594 938 1674 nudique
961 1596 1078 1672 cingunt

242 1678 361 1758 Ignibus
382 1679 504 1739 infestis.
544 1678 648 1739 Rabidi
671 1681 716 1738 sic
737 1682 852 1756 agmine
872 1682 962 1740 mixto

244 1763 304 1826 Sub
326 1772 441 1823 noctem
464 1765 564 1823 coiere
586 1764 664 1843 lapi,
688 1780 763 1842 quos
784 1765 915 1825 omnibus
936 1766 1016 1842 agris

243 1848 291 1909 Nil
312 1864 369 1907 uon
391 1861 460 1907 ausu
479 1848 573 1909 lamas
595 1848 684 1926 longo
707 1850 836 1909 tmuavit
857 1848 945 1910 biatu.

242 1934 301 1995 lam
324 1932 436 1993 stabula
456 1934 521 2012 ipsa
542 1943 691 2012 premunt,
717 1942 834 2011 torquet
855 1950 926 2013 spes
945 1934 1030 1994 inrita
1051 1933 1166 2010 buces,
1210 1945 1248 1996 45

241 2018 417 2096 Balatusque
439 2026 566 2077 tremens
587 2018 770 2096 pinguesque
789 2017 827 2077 ab
848 2016 972 2078 ovilibus
991 2034 1090 2079 aurae.
1324 2064 1325 2071 ι

244 2103 330 2178 Quod
351 2112 507 2182 superest‚·
525 2102 604 2163 dans
624 2102 785 2179 alirungunt
806 2102 938 2181 postibus
958 2118 1073 2180 ungues
1324 2105 1325 2186 l

242 2189 425 2266 Pectoraque
448 2197 477 2248 et
497 2189 594 2247 siccos
614 2190 742 2247 minuunt
763 2189 790 2253 iu
812 2187 909 2247 limine
930 2188 1043 2248 dentes.
1324 2189 1325 2217 ¹

306 2271 345 2332 At
366 2271 470 2351 procul
493 2269 626 2348 Argolici
647 2272 775 2350 supplex
795 2274 825 2332 in
844 2275 982 2351 margine·
995 2273 1097 2351 templi

245 2357 356 2418 Coetus
378 2366 408 2416 et
430 2356 465 2416 ad
488 2357 596 2434 patrias
617 2355 701 2415 lusae
722 2356 899 2435 Pelopeides
920 2373 986 2418 aras
1214 2370 1251 2422 50

243 2441 443 2520 Sceptriferae
463 2440 580 2500 lunonis
602 2453 689 2518 opem
709 2441 892 2519 reditumque
912 2456 1029 2502 suorum

241 2525 429 2604 Exposount‚
452 2525 605 2604 pictasque
626 2524 707 2584 iores
728 2534 759 2584 et
778 2526 884 2603 frigida
904 2527 984 2586 uultu

243 2611 320 2674 Saxa
340 2617 435 2670 terunt
454 2625 621 2689 parvosque
643 2609 751 2670 docent
771 2610 969 2688 procumbere
990 2619 1084 2671 natos.
1161 2684 1163 2689 Ι

244 2693 440 2756 Condiderant
457 2696 512 2754 iam
532 2703 600 2754 vota
620 2695 713 2770 diem,
735 2709 796 2754 nox
815 2695 911 2756 addita
933 2709 1016 2755 ouras

241 2780 354 2858 longit,
377 2789 407 2840 et
428 2781 560 2856 aggestis
580 2779 701 2856 vigilant
723 2779 824 2839 altaria
846 2780 976 2840 dammis.
1216 2793 1252 2844 55

241 2865 362 2944 Peplum
385 2867 469 2924 etiam
491 2863 586 2938 douo,
608 2865 689 2922 cubus
710 2863 841 2924 mirabile
861 2874 971 2924 tertam

242 2948 328 3009 Nulla
350 2965 449 3008 manus
471 2947 578 3007 sterilis
598 2963 655 3008 aec
675 2947 833 3008 dissociata
851 2951 954 3010 marito
1324 2994 1325 3029 p

241 3033 398 3108 Venerunt,
423 3029 545 3092 calathis
567 3041 665 3092 castae
683 3032 827 3094 velamina
847 3034 934 3094 divae
1324 3032 1325 3067 ³

242 3117 325 3180 Haud
346 3116 511 3196 spernenda
535 3116 646 3192 ierant,
668 3120 757 3177 variis
779 3118 828 3177 ubi
849 3119 970 3198 plurima
992 3119 1078 3180 deret
1324 3080 1325 3147 ¹

242 3203 371 3280 Purpura
390 3203 467 3280 picta
488 3199 584 3260 modis
605 3203 754 3280 mixtoque
775 3203 938 3263 incenditur
959 3221 1040 3264 auro.
1216 3217 1256 3271 eo

241 3285 309 3366 Ipsa
328 3285 388 3346 illic
408 3286 505 3363 magui
526 3283 651 3346 thalamo
673 3286 821 3366 desponsa
843 3288 982 3349 Tonantis

240 3369 357 3449 Expers
380 3370 494 3430 conubii
516 3379 547 3430 et
568 3370 667 3430 timide
688 3373 819 3450 positura
839 3389 974 3434 sororem

240 3455 357 3516 Lumine
380 3455 506 3515 demisso
528 3457 612 3534 pueri
633 3453 711 3516 loris
733 3456 835 3517 oscula
856 3456 927 3518 libat

242 3539 375 3618 Simplex
396 3549 428 3600 et
447 3539 571 3598 noudum
592 3540 674 3600 luctis
697 3541 810 3600 oliensa
831 3545 935 3602 mariti.

239 3623 304 3684 lloc
325 3633 392 3684 tunc
414 3623 572 3702 Argolicae
595 3633 724 3685 sanaem
744 3624 889 3687 uelamine
912 3635 1020 3688 matres
1217 3639 1258 3692 65
