2842 4300
483 404 685 483 russmuos
707 405 779 455 urs.
800 406 834 453 x.
1098 392 1160 454 227

160 560 233 634 Quin
253 561 364 620 socium
388 561 486 620 coisse
508 562 616 621 animas
638 570 668 621 et
690 577 818 641 corpore
839 562 868 621 in
889 579 946 622 uno
1108 573 1162 629 750

161 647 243 705 Stare
263 662 379 715 omnes;
402 646 441 707 ita
465 654 567 706 cuneta
588 646 700 725 replet;
723 662 781 706 non
801 646 888 706 ullius
911 656 1003 722 aetas,

159 729 223 789 Non
245 730 353 807 cultus,
376 746 435 789 non
453 731 546 791 forma
567 739 679 797 movet:
703 730 898 810 pugnantibus
916 733 993 791 idem

159 814 405 894 Supplicibusque
425 814 516 884 lurit;¹
533 832 591 874 non
613 818 764 895 quisquam
785 815 932 875 obsistere
954 826 1066 893 contra,

159 898 224 959 Non
242 900 314 959 belli
336 908 479 979 temptare
498 902 595 969 vices;
618 900 722 979 procul
745 918 823 961 arma
843 900 965 961 lurentis
1155 967 1158 976 ¹

159 982 378 1064 Terribilesque
395 984 479 1045 iubas
501 994 531 1045 et
552 986 678 1045 frontem
697 986 820 1045 cassidis
842 985 972 1046 horrent.
1108 996 1158 1052 755

222 1070 259 1129 At
280 1070 345 1149 pius
364 1070 459 1130 electa
480 1086 625 1129 murorum
646 1072 675 1129 iu
697 1080 780 1149 parte
802 1069 981 1130 Menoeceus

158 1152 217 1214 lam
238 1173 324 1215 sacer
344 1154 485 1233 adspectu
507 1155 654 1235 solitoque
676 1156 827 1232 augustior
847 1171 912 1231 ore,

161 1236 337 1299 Ceusubito
358 1241 501 1300 internas
524 1256 632 1318 supero
655 1240 798 1299 demissus
820 1238 857 1299 ab
879 1257 947 1315 axe,

160 1321 309 1399 Constitit,
334 1334 470 1403 exempta
489 1324 658 1385 manifestus
680 1325 796 1385 casside
815 1326 909 1399 nosci,

156 1408 359 1488 Despexitque
382 1411 462 1469 acies
485 1408 629 1469 homiuum
651 1418 680 1468 et
702 1409 832 1469 clamore
854 1408 1000 1487 profundo

159 1492 308 1554 Convertit
330 1511 461 1573 campum
484 1494 626 1572 iussitque
648 1493 763 1554 silentia
785 1494 878 1553 bello.

221 1578 386 1637 ‘Armorum
409 1578 524 1657 superi,
546 1588 635 1657 tuque
658 1596 676 1637 o
699 1580 748 1656 qui
768 1578 872 1638 iuuere
890 1587 971 1638 tanto

155 1662 293 1741 indulges
315 1664 401 1737 mihi,
425 1662 562 1740 Phoebe,
581 1664 671 1739 mori,
694 1664 762 1723 date
786 1663 892 1740 gaudia
911 1662 1031 1738 Thebis,

157 1748 240 1823 Quae
261 1748 363 1827 pepigi
383 1756 413 1806 et
431 1757 494 1807 toto
516 1766 590 1826 quae
613 1750 754 1825 sanguiue
773 1748 916 1827 prodigus
937 1749 1003 1807 emi.

156 1832 245 1894 Ferte
266 1842 345 1892 retro
369 1831 478 1891 bellum
502 1840 665 1913 captaeque
687 1833 829 1911 inpingite
847 1832 960 1892 Lernae

156 1918 318 1996 Relliquias
338 1926 456 1995 turpes,
479 1917 651 1995 confixaque
673 1924 757 1993 terga
776 1917 912 1976 foventes

155 2002 279 2064 Inachus
300 2002 456 2062 indecores
479 2009 564 2079 pater
585 2010 738 2061 aversetur
758 2001 899 2061 alumnos.

155 2088 196 2147 At
217 2086 312 2164 Tyriis
331 2086 454 2166 templa,
474 2104 561 2164 arva,
585 2084 703 2162 domos,
725 2083 866 2163 conubia,
888 2094 973 2146 natos

156 2173 282 2234 Reddite
301 2180 394 2231 morte
413 2189 492 2240 mea;
513 2173 537 2230 si
557 2189 611 2231 vos
633 2171 749 2250 placida
767 2171 861 2231 hostia
881 2173 950 2248 iuvi,

155 2259 189 2319 Si
211 2275 269 2317 uon
290 2257 418 2316 attonitis
436 2257 511 2316 vatis
533 2255 665 2316 consulta
685 2258 789 2336 recepi

153 2341 283 2402 Auribus
306 2351 336 2402 et
357 2341 465 2400 Thebis
487 2341 612 2402 nondum
635 2340 823 2400 credentibus
841 2341 935 2418 hausi,

153 2427 236 2487 llaec
257 2425 438 2505 Amphioniis
461 2443 516 2504 pro
540 2443 586 2486 me
608 2425 770 2505 persolvite
790 2427 878 2486 terris

154 2511 202 2570 Ao
222 2511 290 2570 mihi
313 2511 485 2589 deceptum,
506 2528 631 2590 precor,
656 2520 779 2570 exorate
800 2515 975 2590 parentem'

222 2595 272 2655 Sic
294 2597 349 2671 ait,
371 2595 571 2674 insignemque
593 2597 714 2656 animam
734 2613 873 2655 mucrone
893 2612 1018 2655 comsco

153 2679 367 2756 Dediguantem
388 2691 466 2740 artus
487 2680 599 2759 pridem
621 2690 821 2758 moestamque
839 2681 933 2738 teneri

154 2764 284 2842 Arripit,
306 2773 391 2842 atque
414 2782 470 2824 uno
493 2767 653 2844 quaesitam
676 2765 798 2824 vulnere
821 2764 938 2842 rumpit.

153 2849 303 2926 Sanguine
325 2857 393 2908 tunc
411 2852 522 2928 spargit
540 2859 635 2908 turres
655 2858 683 2908 et
702 2849 816 2908 moenia
835 2849 948 2923 lustrat,
1037 2863 1043 2872 ·

153 2933 256 3012 Seque
278 2951 368 3012 super
389 2935 499 2994 medias
522 2935 603 2993 acies
623 2934 749 2993 nondum
772 2951 843 2992 ense
863 2933 987 2992 remisso

150 3019 228 3079 lecit
251 3019 331 3078 etin
354 3035 460 3078 saeros
483 3018 591 3078 cadere
615 3027 660 3076 est
682 3026 803 3078 conatus
820 3017 962 3077 Achivos.

149 3103 210 3164 Ast
231 3102 311 3162 illum
332 3103 484 3181 amplexae
503 3103 599 3162 Pietas
619 3101 778 3181 Virtusque
798 3100 934 3162 lerebaut

148 3187 273 3248 Leniter
294 3185 330 3246 ad
351 3197 446 3247 terras
468 3203 589 3266 eorpus;
611 3203 676 3246 nam
699 3187 818 3266 spiritus
841 3186 911 3246 olim

148 3273 232 3332 Ante
251 3271 350 3331 lovem
373 3280 402 3330 et
422 3273 536 3332 summis
558 3273 672 3350 apicem
693 3271 749 3332 sibi
768 3272 866 3352 poscit
884 3272 913 3329 in
933 3271 1026 3330 astris.

217 3356 336 3436 Iamque
359 3357 432 3416 iutra
453 3373 551 3416 muros
572 3356 651 3416 nullo
675 3357 782 3417 sudore
806 3365 959 3435 receptum

96 3475 99 3480 ·
148 3439 322 3503 (laudentes
341 3440 432 3500 heroa
454 3439 563 3508 ierunt:
586 3441 775 3502 abscesserat
795 3441 874 3501 ultro

147 3525 336 3586 Tantalidum
357 3535 496 3585 venerata
518 3525 640 3596 cohors;
662 3526 740 3586 subit
763 3527 877 3603 agmine
899 3525 988 3604 longo

146 3609 241 3670 Colla
258 3611 333 3670 inter
354 3611 504 3686 iuvenum,
527 3611 671 3690 laetisque
693 3611 843 3672 favoribus
866 3611 943 3670 omui

145 3693 324 3756 Concinitur
342 3694 432 3772 vulgo
453 3692 589 3757 Cadmum
606 3707 693 3776 atque
714 3696 876 3777 Amphiona
895 3713 989 3842 suppq
1070 3685 1084 3698 “
