2842 4300
484 381 686 436 squameo
706 385 776 436 nnn.
798 383 850 437 nr.
1125 375 1165 437 67

176 540 337 621 Ohieihus,
352 551 493 606 resonant
512 544 658 625 permixto
680 543 795 608 turbiue
817 551 905 624 tenta,
997 569 1000 577 v
1047 563 1049 570 ·

170 628 268 706 Arva,
291 639 435 706 armenta,
457 630 529 706 riri,
552 626 649 691 doneo
669 627 909 708 stetit-inprobus
928 627 988 690 alto
1114 629 1166 691 675

171 711 258 774 Colle
277 714 371 774 minor
389 730 554 795 magnoque
575 716 684 775 invenit
703 715 733 774 in
752 711 862 792 aggere
886 714 974 794 ripas.

168 796 250 859 Haeo
268 797 380 860 alterna
401 799 505 860 dunum
522 815 583 859 uox
600 799 741 865 interfusa
763 799 886 860 diremit

231 883 271 943 At
291 883 414 960 gemitus
435 883 526 962 Angla
545 879 601 944 viri
619 901 678 944 non
699 881 824 963 amplius
845 897 942 962 aequo

170 967 269 1028 corde
290 967 389 1028 lenens
411 970 581 1048 sociumque
602 969 696 1029 animo
718 969 854 1028 mimante
874 966 1019 1042 dolorem,
1086 1009 1088 1014 ·
1157 985 1161 996 ’

167 1053 250 1113 Siout
271 1061 334 1113 erat
354 1053 466 1132 pridem
487 1053 594 1114 lateris
614 1053 730 1114 turbata
748 1051 863 1132 oapillie
1066 1112 1068 1116 ,
1114 1059 1165 1114 680

167 1136 207 1197 itt
227 1135 296 1197 fletu
317 1137 429 1216 signata
450 1155 561 1216 genas,
584 1137 620 1199 ad
642 1137 724 1199 oolsa
746 1137 867 1198 verendi
925 1163 928 1173 ·

165 1221 231 1282 lhat
253 1230 329 1282 teuta
354 1223 462 1302 patris,
484 1238 662 1302 partumque
683 1221 738 1282 suh
759 1221 850 1283 ubere
872 1239 941 1283 nero

167 1305 380 1367 Thessandrum
398 1305 535 1386 portabat
555 1323 612 1367 nvo
633 1308 689 1368 iam
706 1315 795 1368 noete
814 1322 949 1386 suprema

167 1391 245 1451 Ante
267 1407 362 1451 novos
381 1401 479 1468 ortus,
501 1390 549 1452 ubi
571 1392 636 1454 sola
658 1393 816 1472 superstite
837 1391 968 1472 plaustro

169 1475 278 1536 Arolos
299 1475 335 1536 ud
357 1493 498 1537 oeeanum
519 1475 697 1554 fugientibus
716 1476 825 1537 invidet
846 1475 941 1536 astris.
1115 1483 1166 1537 685

232 1559 329 1641 thue
358 1561 439 1622 iores
457 1562 518 1622 iniit
537 1579 703 1640 magnoque
724 1561 815 1622 affusa
835 1560 948 1639 parenti
968 1569 1027 1620 est:

169 1643 250 1704 ‘Cur
271 1655 320 1706 tua
342 1664 406 1708 oum
427 1645 553 1706 lacrimis
571 1655 687 1707 moesto
706 1647 769 1706 sine
793 1647 918 1723 eoniuge
939 1644 1065 1724 supplex

168 1729 278 1790 Limina
298 1739 387 1791 noete
410 1739 523 1810 petam,
544 1749 659 1792 eessem
680 1731 751 1792 lieet
771 1731 835 1810 ipsa
857 1729 979 1810 profari,

167 1815 235 1875 Seis
255 1816 381 1892 genitor.
426 1815 487 1876 Sed
507 1816 569 1876 iura
590 1816 676 1877 deum
696 1815 835 1894 genitalia
859 1823 962 1890 testor,

166 1899 270 1978 Teque
288 1909 389 1978 pater,
408 1916 467 1959 non
487 1899 538 1960 ille
558 1899 655 1976 iubet,
677 1900 731 1961 sed
754 1897 880 1978 pervigil
901 1915 1004 1976 augon,
1114 1909 1166 1962 690

165 1983 214 2045 Ex
235 2000 294 2063 qno
315 1985 424 2064 primus
444 1983 557 2060 Hymen
577 1985 726 2063 movitque
749 1982 873 2044 infausta
896 1983 1039 2042 sinistram

165 2067 369 2147 innodantem,
392 2087 510 2148 semper
531 2069 657 2130 lacrimis
678 2069 846 2146 gemituque
865 2067 1029 2146 propinquo

165 2152 325 2214 Exturhata
345 2155 438 2234 quies.
482 2153 548 2214 Non
571 2147 598 2215 si'
615 2154 683 2214 mihi
702 2154 814 2231 tigridis
833 2152 939 2213 horror

165 2239 403 2319 Aequoreusque
424 2257 514 2319 snper
532 2240 646 2318 rigeant
667 2236 842 2317 praecordia
865 2246 976 2313 cautes,

166 2323 259 2385 Ferre
282 2342 401 2404 queam:
422 2334 452 2384 tu
471 2323 553 2384 solus
571 2340 674 2403 opem,
696 2331 727 2382 tu
747 2338 855 2384 summa
872 2320 1005 2381 medendi
1111 2329 1164 2384 696

165 2407 233 2468 lura
253 2418 351 2478 teues;
373 2408 409 2469 da
431 2407 525 2486 bella,
548 2417 649 2487 pater,
670 2407 833 2486 generique
853 2407 975 2467 iacentis

167 2492 300 2571 Adspice
314 2512 364 2555 res
378 2492 519 2570 humiles,
537 2502 625 2573 atque
640 2492 731 2569 haue,
751 2502 850 2573 pater,
867 2490 987 2569 adspiee
1003 2489 1116 2567 prolem

166 2575 288 2647 Exulis3
310 2576 377 2639 huio
397 2578 466 2638 olim
488 2579 608 2655 generis
628 2577 732 2657 pudor.
779 2574 874 2635 Oubi
896 2576 987 2655 prima
1078 2652 1081 2656 ι

157 2660 301 2741 Ὴοερίῑίιι
318 2671 349 2722 et
370 2663 484 2723 iunctae
505 2671 613 2723 testato
635 2663 750 2721 numine
768 2659 903 2720 dextrae!

233 2745 286 2807 llio
303 2756 384 2808 oerte
399 2756 455 2825 est,
472 2765 559 2826 quem
573 2746 632 2806 iata
646 2745 762 2821 dabant,
780 2761 866 2823 quem
880 2744 951 2804 dixit
962 2741 1082 2821 Apollo.
1114 2748 1166 2804 700

165 2829 234 2891 Νοιι
256 2841 375 2909 egomet
394 2833 501 2893 taeitos
521 2831 647 2891 Veneris
668 2830 762 2890 iurata
784 2828 900 2889 calores

166 2913 358 2993 Culpatamue
379 2916 491 2993 iaoem‚
512 2925 561 2977 tua
582 2917 661 2975 iussa
682 2913 811 2973 verenda
831 2922 958 2991 tuosque

164 2998 266 3059 Dilexi
287 3002 424 3070 monitus;
445 3020 521 3061 nuno
543 3018 600 3081 qua
622 2999 738 3059 feritate
760 2998 886 3059 dolentis

164 3084 335 3163 Despiciam
357 3083 498 3166 questus?
518 3086 632 3161 neseis,
652 3092 736 3163 pater
758 3083 882 3161 optime,
901 3083 1011 3157 neseis,

166 3166 298 3241 Quantus
321 3188 402 3231 amor
423 3188 530 3232 oausae
553 3172 661 3229 misero
682 3168 818 3247 nupsisse
833 3166 946 3227 marito.
1113 3172 1163 3229 706

165 3251 206 3312 Et
225 3271 300 3313 nuno
321 3264 433 3315 moesta
455 3256 571 3335 quidem
591 3271 683 3331 grave
706 3261 736 3312 et
754 3250 920 3319 inlaetabile
941 3268 1041 3309 munus

165 3336 207 3396 Ut
226 3336 341 3399 timeam
364 3339 553 3420 doleamque,
576 3354 661 3417 rogo.
693 3337 754 3397 Sed
770 3354 855 3417 quum
871 3334 972 3396 oseula
988 3344 1100 3415 rumpet

166 3420 281 3483 illoesta
304 3424 385 3501 dies,
409 3442 494 3504 quum
512 3440 600 3485 rauna
620 3421 727 3483 dabunt
748 3420 918 3482 abeuntibus
941 3422 1026 3479 armis

166 3506 258 3583 Signa
278 3507 365 3569 tubae
388 3524 536 3588 saevoque
560 3526 653 3586 genas
673 3506 823 3583 fulgebitis
843 3522 924 3581 auro,

162 3588 219 3651 liei
239 3591 324 3653 mihi!
360 3611 429 3653 care
450 3610 573 3672 parens,
594 3596 698 3653 iterum
719 3592 845 3651 sortasse
864 3588 1000 3667 rogaho?
1114 3597 1165 3651 710

231 3676 312 3739 lilius
334 3678 461 3740 humenti
482 3696 607 3758 oarpem
627 3686 712 3757 pater
733 3676 834 3738 osenla
855 3674 957 3820 vultp*
