2842 4300
342 391 374 437 Ρ.
397 390 529 440 partun
550 391 666 441 suurn
688 391 865 443 smvnnuar
886 396 920 442 11.-
934 396 985 443 111.
1142 385 1180 445 51
1233 449 1235 454 ,

794 517 798 524 ,
896 489 904 520 l

187 530 294 626 quietis
323 565 407 609 meae
436 549 487 609 tibi
516 551 640 610 maxime
666 550 832 628 intendere,
860 529 965 631 meque
990 569 1048 611 non
1075 562 1133 614 tam
1156 557 1185 614 iu

187 633 325 711 patriam,
349 651 433 712 quam
456 634 492 696 ad
515 645 544 696 te
568 636 723 696 seoedere.

245 792 271 841 Ι.
299 791 497 846 ΗΕΒΟΙΠιΕΒ
527 793 790 852 emundaturus
814 794 945 849 POLLII
967 796 1125 849 relucta.

248 885 414 951 Intermissa
437 888 488 949 tihi
508 900 646 968 renovat,
671 891 839 968 Tirynthe,
863 909 946 953 saera

183 971 309 1032 Pollius
317 981 347 1036 et
366 992 470 1034 causas
490 974 625 1054 designat
648 976 758 1037 desidie
779 977 855 1062 aupi,
930 1024 934 1030 .
1021 972 1030 993 ““

81 1073 86 1080 ·
185 1056 271 1131 Quod
293 1058 402 1118 coleris
422 1060 532 1120 maiore
551 1062 633 1122 tholo
655 1080 711 1121 neo
734 1045 828 1122 litora
840 1077 954 1159 pauper
1024 1050 1028 1055 ’

183 1140 266 1204 Nuda
287 1151 370 1203 tenes
389 1153 557 1224 tectumque
578 1147 661 1224 vagis
683 1145 842 1208 habitabile
864 1146 969 1222 nautis,

183 1227 243 1288 Sed
265 1228 371 1288 nitidos
394 1237 496 1308 postes
518 1228 669 1310 Graiisque
691 1212 791 1291 effulta
811 1230 937 1291 metallis
1167 1243 1184 1294 5

184 1311 332 1389 Culmina,
355 1332 409 1374 oeu
432 1314 526 1374 taedis
548 1317 651 1376 iterum
673 1317 810 1376 lustratus
832 1315 949 1375 honesti

183 1396 262 1475 Ignis
284 1397 320 1460 ah
343 1396 453 1460 Oetaea
477 1401 685 1461 conscenderis
709 1400 829 1461 aethera
852 1399 973 1460 llamma.

87 1481 138 1540 ⁸.
249 1479 308 1542 vn
330 1484 423 1544 oeulis
445 1479 599 1564 animoque
617 1486 702 1546 dales.
746 1485 1030 1546 'l'une‘ille‘reehrsi

81 1623 82 1632 ι
130 1569 134 1579 “
181 1567 298 1628 himinis
318 1577 347 1627 et
365 1587 475 1648 parvae
498 1579 597 1631 custos
616 1571 758 1648 inglorius
779 1566 868 1648 arae?

183 1651 266 1712 Unde
285 1653 362 1712 haee
384 1655 448 1714 aula
470 1672 574 1716 reeens
596 1656 782 1734 fulgorque'
774 1656 910 1735 mopinus
917 1654 1093 1788 agresti
1150 1665 1185 1718 10

81 1759 82 1800 ι
183 1735 351 1798 Aloidae?
367 1739 439 1799 Sunt
456 1739 516 1801 lata
537 1741 638 1818 deum
661 1749 728 1800 sunt
744 1741 803 1801 iata
824 1741 982 1801 locorum

81 1843 82 1850 ¹
183 1821 322 1882 Ovelox
343 1824 453 1902 pietas!
494 1825 617 1885 Steriles
638 1825 686 1885 hio
704 1843 799 1904 nuper
819 1841 934 1899 arenas,
1028 1835 1033 1840 “
1155 1838 1160 1873 1

81 1901 94 1956 ἰ
182 1907 366 1988 adspersum
384 1909 493 1988 pelago
512 1913 618 1970 montis
640 1911 715 1970 latus
735 1911 867 1989 hirtaque
886 1908 1014 1970 dumis*-
1147 1924 1163 1957 ·:

81 2051 82 2058 ,
184 1993 278 2068 Saxa,
304 2011 359 2052 nec
381 1995 440 2055 ulla
462 1995 520 2074 pati
542 1994 648 2055 laeiles
670 1996 796 2072 vestigia
816 2004 912 2054 terras
1015 2018 1019 2028 ¹

91 2129 94 2138 .
184 2077 314 2137 Cernere
339 2087 410 2138 erat.
455 2079 602 2154 Quaenam
625 2079 722 2139 suhito
743 2079 859 2139 fortuna
880 2078 1024 2154 rigentes·
1110 2086 1183 2140 vlo

81 2168 82 2173 ’
182 2162 291 2243 ιιιιινιι
312 2160 475 2243 scopulos?
511 2165 638 2241 Tyrione
660 2165 735 2224 haee
755 2166 869 2223 moenia
889 2162 1003 2241 pleotro
1059 2188 1062 2193 ·

181 2248 228 2307 An
249 2247 349 2309 Getioa
371 2266 480 2309 venere
503 2247 586 2325 lyra?
625 2250 729 2327 Stupet
749 2250 814 2328 ipse
836 2247 955 2308 labores

181 2332 300 2408 Annus,
324 2342 353 2392 et
374 2342 497 2411 angusto
519 2334 628 2395 bisseni
649 2334 739 2394 limite
760 2352 877 2393 menses

173 2416 369 2503 ‚longaevum
388 2420 526 2479 mirantur
548 2436 631 2499 opus.
676 2418 757 2479 Deus
779 2419 873 2479 attulit
895 2433 980 2478 arces
1058 2453 1062 2462 ·

182 2500 345 2580 Erexitque
366 2520 434 2563 suas
456 2513 542 2584 atque
564 2503 742 2564 obluctantia
763 2522 834 2564 saxa
1149 2511 1184 2564 ιιι

182 2586 336 2647 Submovit
357 2589 451 2667 nitens
473 2600 502 2648 et
522 2606 628 2666 magno
642 2596 772 2688 'pectore
793 2596 919 2649 montem
1153 2602 1156 2606 “

182 2669 338 2751 Reppulit:
367 2660 492 2733 inmitem
514 2675 648 2734 eredas'
639 2673 762 2733 iussisse
785 2690 951 2733 novercam.
1016 2687 1050 2718 ι’
1084 2684 1089 2691 “
1120 2695 1140 2716 ···

245 2754 327 2833 Ergo
350 2774 422 2835 age,
446 2774 498 2818 seu
519 2760 628 2839 patrios
650 2758 756 2817 liher'
747 2777 803 2818 ram
824 2758 939 2835 legibus
960 2748 1116 2835 Ar'gos

180 2838 290 2901 ineolis
310 2850 342 2901 et
361 2856 488 2903 mersum
510 2844 625 2903 tunnulis
645 2840 809 2919 Eurysthea
829 2843 939 2918 caloae,
989 2864 1007 2878 ¹·
1078 2851 1082 2855 “
1097 2852 1100 2856 ’
1114 2851 1157 2891 ’·ϊ

182 2926 253 2985 Sive
277 2927 320 2985 tui
339 2928 443 2987 solium
464 2927 543 2988 lovis
565 2934 594 2988 et
616 2930 722 2988 virtute
746 2934 858 3008 parata
945 2934 949 2938 ’
1013 2957 1058 2970 .,
1115 2925 1138 2971 ,1

182 3007 280 3070 ΑιιιιιΙ
272 3016 376 3071 tenes
383 3011 605 3095 haustumque
625 3012 677 3073 tihi
699 3015 847 3074 sneeinota
869 3011 1004 3073 beati

180 3089 316 3155 lienteria
336 3097 471 3157 excluso
484 3098 596 3158 melior
610 3098 728 3177 Phryge
736 3098 869 3178 porrigit
886 3097 1032 3165 ll'ehe

180 3176 245 3239 Hue
267 3179 345 3239 ades
361 3190 390 3241 et
411 3184 528 3271 genium
548 3183 670 3273 templis
687 3182 881 3244 nascentibus
894 3183 1012 3242 inter
1023 3191 1032 3205 ’·
1089 3192 1125 3230 ’Ἢ
1139 3194 1154 3230 ,-

182 3262 256 3323 Non
266 3264 296 3324 te
314 3264 406 3329 Lerna
427 3283 539 3328 nocens
558 3284 621 3329 nee
633 3270 778 3349 pauperis
790 3283 858 3327 arra
877 3264 1046 3327 ιιιιιιιιιιι
1106 3275 1112 3313 ῖ
1123 3283 1129 3310 ··
1141 3278 1157 3313 ι’

181 3347 245 3409 Neo
267 3349 435 3411 formidatus
450 3350 582 3413 Nemees
604 3372 676 3429 ager
700 3362 818 3426 autrare
840 3359 998 3430 poscunt
1136 3361 1183 3414 ἰιι

174 3430 307 3495 'l'h'raeia
326 3452 382 3495 neo
401 3436 495 3498 Pharii
517 3435 629 3518 polluta
648 3421 749 3499 altaria
767 3438 861 3514 regis;
1133 3446 1147 3514 j

162 3518 242 3579 ·'Sed
264 3520 339 3579 felix
360 3522 544 3601 simplexque
566 3522 667 3583 domus
689 3522 878 3599 fraudumque
898 3521 1059 3582 malarum
1133 3558 1136 3563 -

84 3672 85 3675 Ἴ
181 3596 276 3665 lnseia
300 3614 330 3665 et
352 3604 515 3686 hospitibus
537 3608 652 3687 superis
672 3607 840 3685 dignissima
861 3606 960 3668 sedes.
1132 3621 1135 3625 ⁴

173 3686 274 3751 Pone
283 3698 382 3751 truces
404 3708 572 3799 agmenque
590 3694 685 3753 intuite
708 3692 865 3773 pharetrae
924 3712 948 3729 .-

973 3745 1048 3833 ιι
1216 3743 1220 3756 '
