2842 4300
499 376 699 427 unstruot
720 376 792 425 ure.
813 377 864 425 xr.
1121 360 1184 425 247

181 534 246 596 Huc
266 533 369 613 aliquis
393 551 521 615 propere
544 542 691 613 sceptrum
712 541 800 611 ntqm
821 532 934 610 insigne
953 546 1110 607 conterunt,

182 619 258 681 Dum
277 620 379 680 videt'
423 618 504 681 Hneo
523 619 625 681 dicens
644 636 765 697 gressus
785 618 914 679 admovit
934 626 964 677 et
982 632 1072 693 arunt,
1130 623 1183 680 too

183 702 247 765 Gen
267 704 383 783 templis
403 704 492 765 decus
513 714 543 765 et
564 704 676 783 patriae
696 702 806 763 loturus
828 702 937 778 eventi,

182 789 271 851 Arme
293 791 380 851 etiam
402 788 529 869 spoliare
549 790 646 867 cupit;
669 788 796 849 noudum
815 787 867 848 ille
888 786 1018 865 peractis
1040 832 1045 839 .

181 872 313 934 Manibus
332 874 453 935 ultrices
475 875 596 935 animam
618 872 756 933 servabant
776 874 806 932 in
827 873 895 933 ires.

183 958 279 1037 thue
301 967 513 1037 superstantem
531 975 711 1037 pronumque
730 958 759 1017 iu
778 965 901 1037 pectore
918 957 1021 1032 sensit,

183 1040 278 1120 Erigit
297 1043 413 1105 occulte
436 1043 544 1105 ierrum
565 1044 701 1120 vitaeque
724 1042 849 1103 labentis
1131 1044 1184 1101 565

183 1126 346 1207 Relliquius
366 1136 470 1187 tenues
493 1128 560 1189 odio
583 1127 749 1207 supplevit,
772 1136 802 1187 et
822 1145 924 1187 ensem

182 1210 243 1273 lau
264 1212 359 1273 laetus
376 1211 474 1273 iratris
493 1230 552 1273 non
573 1213 664 1273 ireter
685 1211 777 1272 corde
797 1212 925 1289 reliquit

182 1296 238 1357 lile
257 1305 367 1357 autern:
390 1296 522 1359 ‘vivisne
542 1307 572 1359 et
592 1297 686 1357 adhuc
704 1306 802 1357 munet
818 1298 863 1356 ira
881 1303 1068 1374 superstes„

183 1379 298 1441 Poride
319 1399 375 1441 uec
397 1381 485 1442 sedes
504 1400 637 1461 umquem
657 1382 795 1443 meriture
813 1377 946 1460 quietas?

182 1464 197 1523 Ι
215 1483 327 1526 mecum
344 1466 381 1527 ad
397 1484 522 1544 menes,
533 1466 595 1527 illio
615 1483 733 1545 quoque
751 1475 837 1545 paeto
853 1482 1020 1545 reposeem,
1045 1532 1047 1537 λ
1134 1468 1187 1524 tio

184 1550 217 1609 st
234 1551 319 1612 niodo
338 1550 489 1629 Agenorei
509 1561 566 1613 stet
582 1550 706 1612 Gnossin
726 1550 830 1611 indicis
846 1568 928 1626 nrnn,

184 1632 250 1707 Qun
269 1654 358 1713 reges
380 1637 482 1715 punire
501 1637 608 1697 'dutum’
652 1634 717 1695 Nec
736 1635 821 1713 plura
840 1635 955 1697 locutus

186 1716 321 1780 Concidit
343 1729 373 1780 et
393 1722 461 1781 totis
480 1721 601 1783 fratrem
621 1722 721 1797 gravis
742 1719 839 1779 obruit
858 1720 957 1781 armis.

250 1804 293 1864 Ite
316 1814 415 1867 truces
437 1806 549 1866 animae
570 1805 744 1882 funestaque
762 1812 870 1865 tartara
887 1804 948 1865 leto

83 1877 86 1888 ’
185 1888 311 1950 Polluite
333 1898 364 1950 et
385 1899 504 1951 cunctas
524 1887 616 1949 Erebi
640 1889 801 1948 consumite
819 1905 942 1967 poenes.
1136 1890 1187 1948 575

184 1973 308 2052 Vosque
327 1974 410 2035 mulis
431 1974 590 2051 hominum,
614 1974 749 2050 Stygiae,
772 1974 829 2033 inm
851 1973 979 2052 percite,
1001 1971 1095 2032 divae.

185 2057 324 2119 Omnibus
344 2060 373 2118 iu
393 2060 480 2121 terris
500 2058 599 2120 scelus
618 2056 675 2118 hoc
697 2059 833 2136 omnique
853 2055 907 2116 snb
929 2073 1004 2116 aevo

185 2140 300 2205 Viderit
320 2162 376 2205 une
398 2144 477 2221 dies,
500 2153 717 2223 monstrumque
735 2142 842 2204 inform
862 2142 966 2202 futuris

186 2228 326 2305 Excidet,
351 2238 380 2290 et
401 2229 458 2290 soli
475 2237 637 2289 memorent
656 2228 732 2288 haec
751 2227 865 2306 proelia
884 2244 984 2304 reges.

252 2313 290 2373 At
310 2315 427 2390 genitor
449 2313 573 2374 sceleris
596 2322 749 2391 comperto
771 2312 845 2388 fine,
867 2309 1018 2390 profundis
1137 2315 1190 2374 580

186 2396 307 2477 Erepsit
324 2397 455 2458 tenebris
474 2414 623 2477 saevoque
643 2415 660 2456 e
682 2397 780 2458 linaine
798 2397 913 2476 profert

186 2481 312 2544 Mortem
332 2483 538 2562 inperieotnm3
561 2483 656 2542 veteri
680 2491 738 2542 stat
755 2481 873 2542 sordida
893 2480 964 2542 tubo

187 2566 319 2645 Utraque
338 2568 473 2643 canities,
496 2577 527 2627 et
548 2568 636 2628 durus
657 2568 798 2644 sunguine
819 2566 907 2626 crinis

188 2650 315 2711 Obnnbit
333 2651 436 2712 iurinle
458 2660 560 2730 caput3
582 2651 687 2730 procul
706 2669 759 2711 orn
779 2668 934 2729 genaeque

187 2735 285 2811 lutus,
309 2745 338 2795 et
360 2736 487 2796 effossae
509 2735 646 2815 squalent
664 2737 790 2812 vestigia
812 2735 896 2796 lucis.
1138 2739 1190 2795 585

188 2820 282 2898 Virgo
303 2829 398 2882 eutem
417 2821 560 2899 inpositae
581 2828 724 2880 sustentet
742 2820 874 2899 pondera
892 2819 1007 2895 leenae,

189 2905 303 2966 Dentre
324 2904 408 2966 sedet
429 2904 544 2966 baculo.
589 2903 691 2977 Qualis
713 2906 739 2964 si
760 2922 858 2984 puppe
878 2903 983 2964 relicta

83 3043 89 3070 ι
188 2988 306 3050 Exosus
329 2990 405 3068 pigri
425 3007 525 3050 manes
547 2988 676 3050 sulcator
694 2988 806 3050 Averni

83 3076 87 3093 '
189 3073 286 3135 Exeat
303 3074 339 3134 ad
356 3091 481 3153 superos
499 3073 652 3152 solemque
673 3083 703 3134 et
722 3074 832 3152 pallido
849 3072 946 3134 turbet

190 3159 295 3237 Astra,
318 3177 373 3219 nec
393 3160 458 3237 ipse
481 3159 529 3220 diu
548 3159 637 3220 fortis.
654 3159 828 3238 patiensque
852 3158 972 3237 superni
1138 3163 1192 3221 590

190 3243 294 3320 Aeris,
316 3244 429 3304 interea
450 3242 570 3322 longum
591 3251 728 3304 cessante
749 3244 890 3321 magistro

191 3325 314 3390 Crescat
335 3346 410 3407 opus
430 3330 558 3407 totisque
581 3336 740 3406 expectent
758 3328 878 3388 saecule
895 3328 979 3405 ripis.

191 3411 271 3472 Telis
291 3413 342 3473 init
361 3430 493 3491 campum
510 3413 665 3492 comitique
686 3421 817 3473 extreme
834 3412 974 3488 gementi,

190 3491 272 3571 Duc,
296 3498 350 3573 eit,
371 3495 407 3558 nd
425 3506 525 3572 natos,
544 3507 716 3577 patremque
733 3496 918 3573 recentibus,
939 3512 1005 3571 oro,

191 3580 270 3641 Inice
292 3580 453 3642 iuuenibus.
500 3580 657 3644 Cunctator
675 3584 776 3642 nescia
796 3583 892 3658 virgo,
953 3608 956 3616 ¹
1140 3586 1192 3644 ott

193 3663 270 3739 Quid
289 3675 388 3745 paret;
411 3665 560 3748 inpediunt
577 3668 635 3728 iter
655 3667 862 3746 inplicitosque
882 3672 1030 3752 moram
