2842 4300
491 382 691 433 anemos
711 384 781 433 mo.
803 383 852 433 xl.
1111 370 1172 433 245

173 538 332 619 Tisiphone
353 539 471 603 iraudss
493 539 676 619 coelestique
697 539 781 601 ocior
800 540 869 618 igne

173 624 299 686 hdloret
321 625 511 704 increpitans:
536 624 631 698 ‘Quid
653 623 726 685 belli
747 624 911 685 obverteris
930 626 1019 699 ausis,

173 709 286 771 Numen
308 711 386 770 iners
408 711 533 789 pacique
555 705 671 771 datum?
701 709 792 786 cede,
815 708 951 789 inproba:
977 718 1078 771 noster
1120 716 1172 771 485

172 794 228 855 llic
250 812 368 874 campus
389 804 549 873 nosterque
571 794 649 862 dies;
671 812 748 854 nunc
766 812 833 855 sera
852 802 994 855 nocentes

172 878 315 941 llelendis
337 878 468 948 Thebas:
490 879 540 939 ubi
558 887 642 954 tuno,
665 897 752 958 quum
772 877 852 939 bella
873 880 967 939 cieret

172 962 306 1025 Bacchus
327 974 357 1024 et
379 972 502 1025 armatas
522 963 662 1025 furiarent
683 964 767 1039 orgia
786 960 917 1024 matres?

173 1048 233 1109 Aut
253 1048 303 1109 ubi
325 1050 424 1127 segnis
447 1066 531 1124 eras,
554 1047 621 1109 dum
639 1046 758 1109 Martius
779 1050 856 1126 inpia
876 1065 1001 1127 serpens

174 1135 283 1211 Stagna
299 1133 387 1209 bibit,
406 1134 472 1195 dum
485 1131 609 1195 Cadmus
625 1142 703 1209 arat,
723 1132 789 1193 dum
800 1134 877 1195 victa
890 1132 967 1195 cadit
977 1130 1099 1209 Sphinx,
1121 1139 1175 1193 490

173 1216 249 1279 Dum
267 1228 352 1296 rogat
374 1217 546 1297 Oedipoden
567 1220 699 1295 genitor,
722 1218 792 1279 dum·
810 1217 943 1297 lampade
966 1225 1063 1276 nostra
1178 1265 1182 1272 .

173 1302 208 1363 ln
230 1302 371 1363 thalamos
390 1303 506 1363 Iocasta
526 1299 644 1363 venitl'
684 1303 734 1363 Sic
755 1312 857 1380 urget,
880 1311 911 1363 et
931 1302 1008 1362 ultro

173 1387 319 1448 Vitantem
340 1388 496 1467 adspectus
518 1390 604 1449 etiam
624 1386 849 1466 pudibundaque
871 1387 960 1464 longe

175 1470 235 1533 Ora
255 1472 442 1533 sedunensem
463 1474 567 1551 premit
587 1471 812 1533 adstridentibus
834 1472 934 1548 hydris

172 1556 386 1636 Intemptatqoe
407 1558 503 1625 facem
527 1556 671 1617 deiectam
692 1556 844 1617 inlumina
862 1556 968 1635 pallam
1121 1563 1174 1619 tes

172 1640 250 1702 Diva
269 1642 356 1701 trahit
376 1658 538 1721 magnoque
560 1641 634 1718 fugit
655 1650 793 1720 questura
816 1640 948 1701 Tonanti.

172 1725 257 1787 Tunc
279 1744 351 1786 vero
374 1742 518 1787 accensae
540 1725 660 1788 stimulis
683 1726 840 1787 maioribus
860 1727 933 1785 irae.

171 1810 264 1871 Arma
286 1811 404 1891 placent
425 1827 591 1888 versaeque
610 1810 711 1871 volunt
731 1819 866 1888 spectare
889 1811 1038 1872 cobortes.

170 1896 337 1957 Instaurant
355 1894 474 1955 crudele
496 1895 595 1963 nelas;
618 1912 671 1955 rex
690 1895 786 1972 inpius
803 1903 884 1974 aptat

172 1979 250 2041 Tela
272 1990 301 2039 et
322 1980 454 2039 funestae
476 1996 575 2039 casum
596 1980 677 2057 prior
697 1989 823 2058 occupat
843 1978 954 2040 hastae.
1122 1988 1176 2041 50⁰

168 2064 229 2126 llla
251 2065 327 2125 viam
348 2064 471 2125 medium
493 2063 579 2142 olipei
602 2072 705 2123 conata
726 2082 781 2142 per
802 2063 904 2125 orbem

170 2150 242 2213 Nou
263 2149 374 2230 perient
394 2150 469 2210 ictus
494 2158 582 2228 atque
601 2147 659 2210 alto
680 2150 804 2210 vincitur
822 2166 903 2212 auro.

172 2235 259 2297 Tunc
280 2235 349 2294 exul
370 2233 447 2294 subit
467 2244 497 2294 ot
518 2234 598 2294 clare
620 2233 735 2296 funesta
756 2243 909 2314 precatur:

173 2319 251 2396 abi,
278 2337 351 2398 quos
374 2319 484 2380 eliosso
506 2336 564 2378 non
585 2319 686 2378 inritus
709 2336 762 2380 ore
781 2320 898 2396 rogarit

172 2404 362 2484 Oedipodes,
386 2403 496 2464 firmate
516 2403 615 2479 nefas,
637 2421 695 2464 non
718 2403 841 2483 inproba
863 2419 957 2483 posco
1123 2410 1176 2464 505

171 2489 270 2550 Vota:
293 2488 380 2568 piabo
400 2506 499 2549 manus
520 2497 549 2548 et
568 2487 673 2548 eodem
693 2499 815 2568 pectora
835 2489 916 2550 ferro

173 2573 369 2649 Resciudam,
393 2574 459 2634 dum
479 2591 526 2634 me
546 2574 672 2634 moriens
694 2573 743 2634 hic
763 2583 881 2653 sceptra
901 2580 1048 2633 tenentem

173 2659 300 2738 Linqnat
321 2667 350 2718 et
370 2658 447 2718 hunc
468 2676 568 2720 seeum
589 2667 687 2737 portet
707 2661 800 2719 minor
818 2657 919 2718 umbra
938 2657 1095 2718 dolorem?

174 2743 269 2804 Hasta
290 2743 365 2803 subit
384 2744 475 2804 velox
496 2743 601 2821 equitis
622 2743 717 2804 lemur
738 2744 813 2802 inter
833 2744 960 2821 equique

172 2827 247 2904 Ilia,
270 2829 358 2888 letum
377 2830 490 2906 utrique
512 2826 630 2896 volens;
653 2827 706 2886 sed
727 2827 815 2906 plaga
834 2827 964 2888 sedentis
1124 2834 1178 2887 olo

173 2913 289 2974 Laxato
313 2914 401 2972 vitata
421 2930 514 2990 genu,
536 2921 631 2972 tamen
651 2913 736 2972 inrita
754 2913 816 2972 voti

176 2995 288 3076 Cuspis
308 2999 336 3056 in
358 2996 484 3075 obliquis
504 2997 612 3056 invenit
632 2996 754 3056 vulnera
775 2998 875 3058 costis.
1039 3041 1049 3074 ,

175 3081 206 3142 lt
229 3099 375 3161 praeceps
397 3083 515 3160 souipes
537 3082 655 3142 strictae
677 3089 861 3160 contemptor
880 3080 1012 3142 habenae

175 3166 319 3246 Arvaque
343 3167 501 3242 sanguineo
515 3165 625 3226 scribit
644 3166 788 3228 rutilantia
809 3183 894 3243 gyro.

175 3249 302 3312 Exultat
323 3249 418 3310 fratris
441 3251 566 3312 eredens
588 3250 663 3310 hunc
685 3268 754 3310 esse
775 3267 918 3310 cruorem.
1127 3258 1180 3310 sto
1243 3284 1249 3296 .

178 3333 285 3395 Credit
304 3343 335 3394 et
355 3336 420 3413 ipse
440 3345 531 3403 metm
555 3336 623 3395 totis
644 3336 758 3412 iamque
779 3334 849 3395 exul
870 3334 992 3396 habenis

175 3419 332 3496 Indulget,
355 3433 525 3498 caecusque*
539 3420 642 3481 avidos
662 3419 756 3480 inlidit
775 3421 805 3480 in
826 3437 946 3496 aegrum

177 3501 379 3582 Cornipedem
399 3522 514 3572 cursum
537 3505 692 3564 miscentur
711 3504 794 3564 irena
812 3522 971 3582 manusque

174 3587 330 3665 Telaque,
354 3589 440 3648 etad
461 3597 568 3650 terram
589 3588 710 3652 turbatis
732 3588 885 3666 gressibus
905 3589 990 3650 ambo

173 3673 385 3751 Praecipitant.
428 3672 465 3736 Ut
484 3683 571 3736 nocte
592 3683 685 3750 rates,
709 3691 781 3752 quas
802 3672 917 3736 nubilus
937 3674 1045 3734 Auster
1126 3683 1179 3737 520
