2842 4300
481 414 681 465 THEBAIDOS
703 415 773 464 ulo.
796 416 831 464 X.

164 572 317 652 Explicat余
345 580 374 631 et
394 572 510 651 penitus
532 588 712 651 quacumque
735 572 906 652 supervolat
927 570 1038 649 orbern,

163 656 312 734 Languida
333 656 370 715 de
392 656 523 736 scopulis
545 658 640 719 sidunt
660 657 753 733 freta,
777 659 887 737 pigrius
908 658 1030 722 haerent

163 740 287 817 Nubila,
311 741 461 801 demittunt
484 750 614 802 exhema
637 744 784 803 cacumina
805 742 909 819 silvae,

164 825 309 905 Pluraque
331 825 428 886 laxato
456 826 624 886 ceciderunt
644 827 742 887 sidera
763 827 861 887 coelo.

229 910 340 971 Primus
363 910 469 971 adesse
491 910 575 970 deum
596 910 689 971 subita
712 912 838 989 caligine
860 913 952 972 sensit

167 993 309 1075 Campus,
332 1004 361 1054 et
381 996 548 1055 innumerae
568 1012 660 1056 voces
681 995 872 1076 fremitusque
889 999 1017 1057 virorum

165 1080 335 1141 submisere
356 1097 472 1148 sonum余
495 1098 581 1159 quum
601 1098 673 1140 vero
696 1080 878 1141 humentibus
900 1081 955 1141 alis

165 1163 313 1241 Incubuit,
337 1164 480 1243 piceaque
502 1164 578 1225 haud
600 1183 733 1245 umquam
752 1166 871 1225 densior
891 1165 991 1225 umbra

166 1246 269 1310 Castra
291 1248 384 1324 subit,
408 1266 508 1311 errare
530 1250 607 1311 oculi
628 1250 819 1329 resolutaque
842 1250 931 1327 colla,
957 1309 964 1322 ,

165 1332 204 1394 Et
225 1333 319 1394 medio
339 1333 425 1393 affatu
447 1334 538 1395 verba
559 1334 722 1414 inperfecta
743 1336 878 1414 rehoqui.

164 1416 237 1479 dion
258 1428 287 1479 et
309 1418 457 1497 fulgentes
477 1420 592 1499 clipeos
614 1428 643 1480 et
657 1436 755 1480 saera
774 1421 922 1480 remittunt

165 1502 228 1563 Pila
248 1520 348 1580 manu,
377 1503 506 1583 lassique
530 1504 634 1565 cadunt
655 1506 684 1564 iu
707 1513 830 1584 pectora
851 1503 957 1563 vultus.

164 1585 205 1647 Et
226 1589 282 1648 iarn
301 1596 404 1649 cuncta
427 1590 527 1649 silent:
550 1590 607 1668 ipsi
630 1588 686 1648 iam
708 1598 787 1649 stare
807 1598 946 1648 recusant

166 1670 367 1751 cornipedes,
389 1675 471 1752 ipsos
492 1672 603 1733 subitus
626 1674 697 1733 cinis
719 1672 836 1733 abstulit
852 1674 948 1751 ignes.

230 1757 270 1817 At
291 1774 349 1817 non
371 1766 400 1817 et
422 1758 544 1836 trepidis
568 1758 670 1818 eadem
691 1775 784 1837 sopor
805 1758 864 1817 otia
887 1756 980 1817 Graiis

165 1842 291 1918 Suadet,
315 1851 345 1901 et
366 1860 382 1901 a
405 1842 507 1901 iunctis
530 1851 612 1901 arcet
634 1860 686 1901 sua
709 1842 807 1901 nubila
829 1842 934 1901 castris

163 1924 320 2004 Noctivagi
341 1927 386 1985 ris
406 1925 510 1987 blanda
533 1926 597 2000 dei,
621 1924 696 1986 stant
715 1926 841 2004 undique
862 1926 892 1984 in
914 1926 1000 1985 aruris

161 2010 294 2071 Foedam
314 2010 495 2089 indignantes
516 2018 632 2070 noctem
652 2011 818 2089 vigilesque
840 2009 994 2089 superbos.
1060 2016 1063 2021 '

162 2094 246 2157 Ecce
267 2114 376 2176 repens
397 2096 512 2174 superis
534 2096 655 2156 animuin
678 2094 892 2175 lymphantibus
910 2094 1015 2155 horror

165 2181 373 2242 Thiodamanta
396 2181 488 2256 subit,
516 2181 757 2260 formidandoque
779 2180 901 2240 tumultu

164 2266 298 2327 Pandere
314 2266 378 2326 tata
401 2264 497 2342 iubet,
522 2267 585 2325 sive
607 2265 680 2326 hanc
699 2267 832 2326 Saturnia
852 2271 988 2339 mentem,

164 2352 235 2412 Sive
257 2367 362 2410 novurn
383 2351 517 2410 comitem
540 2349 632 2410 bonus
654 2349 810 2427 instigabat
829 2348 951 2428 Apollo.

105 2476 108 2487 ,
162 2435 282 2496 Prosilit
303 2435 332 2494 in
353 2435 483 2512 medios,
507 2435 571 2494 visu
593 2435 748 2514 audituque
771 2433 938 2494 tremendus

161 2519 370 2598 Impatiensque
392 2519 455 2595 dei,
477 2520 574 2597 fragili
598 2537 683 2598 quern
702 2529 799 2580 mente
820 2526 972 2596 receptum

161 2603 232 2666 Non
254 2606 346 2682 capit余
372 2603 516 2664 exundant
536 2603 659 2681 stimuli,
684 2605 835 2682 nudusque
856 2621 912 2681 per
932 2619 984 2671 ora

162 2691 230 2750 Stat
251 2690 331 2749 furor
353 2697 382 2748 et
401 2688 529 2767 trepidas
551 2691 663 2749 incerto
688 2690 829 2765 sanguine
849 2685 945 2746 reddit

161 2773 372 2852 Exhauritque'
386 2791 493 2850 genas,
517 2775 597 2834 acies
622 2773 678 2834 huc
697 2782 776 2834 errat
797 2781 827 2831 et
847 2771 919 2830 illue

161 2859 309 2936 Sertaque
330 2859 418 2918 mixta
441 2859 531 2918 cornis
553 2875 655 2936 sparsa
678 2859 796 2918 cervice
817 2855 958 2932 flagellat.

161 2943 217 3004 Sic
237 2941 351 3019 Phryga
370 2943 507 3002 terrificis
528 2945 663 3020 genetrix
683 2941 771 3002 Idaea
793 2949 942 3000 cruentum

160 3025 255 3088 Elicit
277 3045 315 3089 ex
338 3025 430 3102 adytis
453 3036 681 3106 consumptaque
701 3025 821 3087 brachia
839 3026 919 3084 ferro

162 3113 251 3175 Scire
272 3119 366 3178 vetat余
398 3113 487 3190 quatit
507 3111 559 3172 ille
581 3129 680 3172 sacras
702 3112 732 3170 in
752 3119 875 3190 pectora
896 3111 980 3188 pinus

162 3197 407 3274 Sanguineosque
430 3205 506 3257 rotat
529 3195 625 3256 crines
648 3205 677 3256 et
700 3196 822 3256 vulnera
844 3213 930 3254 cursu
958 3220 961 3225 >

159 3281 333 3347 Examinat:
357 3289 445 3360 pavet
466 3283 558 3341 omnis
579 3299 652 3359 ager
672 3297 870 3360 respersaque
893 3279 992 3338 cultris

161 3365 280 3442 Arbor,
305 3373 334 3424 et
355 3365 466 3425 attoniti
487 3383 600 3427 currum
623 3384 749 3426 erexere
769 3365 883 3424 leones.
1113 3373 1164 3439 175

227 3449 352 3510 Ventum
373 3451 409 3510 ad
432 3451 548 3512 concilii
570 3451 723 3530 penetrale
744 3450 918 3526 domumque
938 3449 1095 3510 verendam

157 3537 336 3614 Signorum,
358 3537 470 3612 magnis
490 3535 540 3595 ubi
562 3537 667 3596 dudum
688 3533 820 3596 cladibus
840 3551 941 3611 aeger,

158 3619 273 3682 Rerum
294 3619 424 3680 extrema
446 3637 583 3696 movens,
606 3621 711 3682 frustra
734 3617 878 3680 consultat
894 3617 1047 3678 Adrastus.

160 3706 248 3768 Stant
269 3706 377 3766 circam
398 3704 484 3766 subiti
504 3703 663 3785 proceres,
688 3706 862 3784 utquisque
884 3712 1037 3848 perleqrpto
