2842 4300
725 150 748 197 1

225 375 287 436 274
414 388 1030 440 1³.Ps1’1b118ud11'inblt.un.xn.

224 540 324 605 iioilia
345 543 481 606 laudabat
500 546 557 607 iam
574 545 718 607 marcidus
737 543 825 623 Orgia
845 544 970 624 Ganges.

289 626 370 689 ilcce
391 646 446 708 per
466 630 607 693 adversas
625 629 744 691 Dircaei
764 631 885 691 verticis
904 628 1043 693 umbras·
1313 658 1333 703 :t

224 710 380 773 Femineas
402 716 493 795 quatit
512 724 591 777 astru
609 714 728 793 fragor,
749 724 915 795 matresque
938 712 1084 795 Peissgae
1180 720 1241 781 790

225 795 403 867 Decurrunt;
427 800 531 879 qualem
549 799 702 861 bucciaco
724 800 761 861 ad
781 798 861 860 belia
880 808 1009 859 vocatae

226 878 362 957 Thyades
383 892 528 963 amentes,
549 902 683 962 magnum
703 901 776 963 quas
797 900 925 963 poscere
943 882 1061 958 credas,

225 965 286 1025 Aut
309 965 419 1029 iecisse
440 968 541 1039 ncias;
562 968 690 1046 gaudent
710 968 836 1031 lamenta
855 984 1009 1047 novaeque

226 1048 363 1113 Erultout
380 1052 533 1123 lacrimae3
553 1054 630 1132 rupit
649 1052 723 1131 buo,
746 1054 823 1134 rapit
839 1053 954 1133 inpetus
974 1052 1057 1128 iiiuc,
1316 1104 1333 1122 ,,

226 1134 343 1197 'ibesea
362 1139 571 1216 magnanimum
592 1148 732 1217 quaerant
752 1139 848 1218 prius,
871 1156 944 1199 anne
965 1135 1104 1223 Creonta,
1180 1145 1237 1202 ⁷95
1328 1130 1333 1207 ἕ

226 1219 309 1281 Anne
328 1239 414 1299 suos,
435 1223 515 1284 vidui
532 1222 639 1285 ducunt
658 1222 696 1283 ad
716 1240 842 1302 corpora
861 1222 965 1283 luctus.

287 1304 354 1367 Non
373 1324 449 1385 ego,
471 1307 638 1369 centenari
659 1308 724 1386 quis
745 1324 810 1369 meu
831 1316 952 1387 pectora
974 1306 1055 1369 laxet

225 1390 309 1451 Voce
330 1391 421 1468 deus,
442 1400 487 1453 tot
507 1389 592 1453 busta
613 1390 699 1452 simul
720 1391 859 1470 vulgique
880 1391 1043 1471 ducumque

226 1474 283 1535 iot
301 1477 411 1555 pariter
431 1477 555 1555 gemitus
575 1477 670 1555 dignis
692 1475 845 1537 conatibus
867 1492 1000 1555 aequem,
1331 1526 1333 1553 ;

226 1558 353 1620 Turbine
372 1578 430 1640 quo
448 1576 519 1626 seso
541 1562 618 1623 cusis
636 1560 804 1625 instraverit
820 1560 915 1625 cutax
946 1579 950 1635 j
1181 1573 1239 1627 800
1331 1558 1333 1625 j

224 1642 342 1721 ignibus
361 1643 483 1706 Euadne
502 1643 669 1723 fulmenque
690 1644 721 1705 in
741 1653 865 1725 pectore
884 1662 989 1725 magno

226 1727 407 1805 Quaesierit,
429 1746 488 1809 quo
507 1746 591 1803 more
610 1730 710 1791 iacens
730 1748 820 1809 super
841 1729 944 1791 oscula
965 1730 1045 1791 saevi

225 1811 366 1893 Corporis
386 1814 489 1875 inielix
507 1822 631 1876 excuset
649 1814 749 1890 Tydea
767 1815 884 1891 coniux,

223 1896 263 1958 iit
280 1912 389 1958 saeuos
409 1909 507 1961 namet
524 1899 631 1978 uigiles
648 1899 739 1977 Argia
759 1901 870 1961 sorori:

160 2017 163 2022 -
222 1982 340 2043 Arcada
362 2001 420 2064 quo
439 1984 557 2062 planctu
577 1985 713 2061 genetrix
732 1982 917 2061 Erymanthia
940 1983 1056 2058 clamet,
1180 1994 1235 2049 805
1332 2032 1333 2053 l

222 2066 339 2129 Arcada
359 2077 530 2147 consumpto
552 2076 717 2129 seruantem
736 2068 875 2147 sunguine
893 2067 1000 2143 vultus,
1196 2140 1198 2143 ᾖ
1314 2078 1333 2154 ,j

221 2152 354 2229 Arcada,
378 2172 465 2233 quem
484 2155 620 2232 geminae
640 2155 751 2233 paritor
772 2153 883 2216 devere
905 2153 1055 2214 cohortes.
1092 2199 1098 2218 .
1315 2180 1321 2193 ·

221 2237 280 2298 Vix
299 2253 392 2298 nouus
414 2240 469 2299 ista
490 2239 572 2299 furor
591 2240 772 2320 ueniensque
793 2240 937 2318 inplesset
955 2237 1079 2318 Apollo,

221 2320 260 2382 iit
279 2339 345 2382 rneu
366 2323 423 2383 iam
443 2323 533 2400 longo
554 2325 659 2384 meruit
678 2325 749 2384 ratis
770 2339 898 2402 aequore
917 2331 1042 2402 portum.

285 2406 447 2467 Durabisne
469 2407 573 2486 procul
595 2407 769 2487 dominoque
791 2408 894 2486 legere
915 2416 1079 2488 superstes,
1175 2419 1231 2474 810

223 2491 247 2550 0
265 2490 334 2552 mibi
354 2491 491 2552 bissenos
510 2491 628 2552 multum
644 2492 764 2570 uigilata
785 2509 840 2571 per
861 2509 951 2554 annos

222 2572 353 2636 Thebai?
375 2577 430 2636 iam
448 2584 529 2637 certe
549 2594 691 2655 praesens
708 2576 761 2637 tibi
779 2577 854 2638 iarna
872 2577 1028 2653 benignum

222 2661 330 2720 Stravit
350 2660 421 2738 iter,
445 2662 603 2740 coepitque
623 2677 728 2722 nouom
745 2671 906 2722 monstrare
927 2661 1040 2722 futuris.

221 2743 282 2805 lam
300 2752 330 2804 tc
352 2746 548 2823 magnanimus
566 2745 699 2824 dignatur
716 2763 842 2810 noscere
861 2745 983 2821 Caesar,

220 2828 294 2890 itala
312 2830 369 2890 iam
390 2831 484 2891 studio
506 2829 593 2890 discit
612 2841 810 2912 memoratque
829 2832 973 2892 iuuentus.

221 2913 313 2991 Vive,
336 2931 460 2994 precor;
480 2933 539 2975 nec
556 2922 588 2974 tu
608 2915 733 2979 divinam
753 2915 885 2976 Aeneida
906 2923 1027 2994 tempta,-

222 2999 281 3060 Sed
302 2999 391 3077 louge
411 3017 538 3080 sequere
558 3007 589 3058 et
606 3002 731 3078 uestigia
755 3018 871 3080 semper
893 2999 992 3062 odora.

220 3083 291 3144 iiox
310 3084 379 3162 tibi,
406 3086 430 3144 si
451 3084 515 3164 quis
534 3083 628 3145 adbuc
646 3085 810 3164 praetendit
828 3084 925 3146 nubila
944 3083 1030 3158 livor,

222 3167 360 3247 Occidet,
382 3177 412 3230 te
434 3169 528 3230 meriti
549 3177 618 3249 post
636 3188 684 3230 me
705 3169 870 3234 referentur
892 3169 1030 3232 honores.

727 3461 858 3477 *naa-nt·-
