2842 4300
491 384 691 436 unamines
711 385 782 434 LIB·
804 385 851 433 tu.

170 542 274 623 Usque
295 541 409 606 alaone
424 559 529 644 parum
552 541 644 604 maeri
661 541 728 605 data
749 550 841 604 metm
861 539 970 620 ἰιιὶιιιο

167 627 348 708 Natalesque
364 630 442 706 rogi,
463 645 598 727 quaeque
616 627 683 707 ipse
703 627 837 688 minantia
858 626 937 686 sensi

167 709 318 791 Fulgura?
360 712 521 793 Rollinuins
543 713 630 774 etiam
649 711 793 790 meroque
815 710 980 790 sepulerum
1115 716 1165 772 675

171 797 291 860 Pellinis
314 807 344 859 et
365 794 491 860 residem
512 798 595 859 lerrn
614 797 688 876 petit
709 794 832 876 inproba
854 793 983 856 Theben
1077 819 1080 849 ;

169 880 294 944 Neotam
312 883 414 945 fraude
434 899 550 951 moras;
571 881 668 958 illum,
688 881 768 942 illum
789 879 898 942 tendite
919 895 1060 959 eampum

168 965 311 1045 laodite,
331 969 376 1044 in,
398 969 542 1028 comites)
573 965 764 1042 Hyreanaanl
784 967 866 1043 sigua
889 963 1003 1042 iugales

168 1049 335 1112 Intumuere
357 1051 453 1129 iubas,
476 1050 553 1113 llntn
573 1052 653 1130 prius
673 1051 782 1113 adstitit
799 1050 887 1113 arvis.

234 1135 360 1216 Tempus
383 1146 462 1213 erat,
483 1136 570 1198 meulii
591 1153 678 1215 uuum
698 1135 821 1196 solem'
813 1153 842 1194 m
856 1133 981 1196 nulmiua
998 1132 1167 1196 mandinse

170 1219 261 1282 Tollit
278 1221 382 1282 anbela
402 1221 484 1298 dies,
505 1219 555 1282 ubi
573 1221 673 1282 tardus
691 1218 836 1283 hiantibus
858 1215 935 1282 arvis

170 1306 236 1366 Stat
256 1323 366 1386 vapor,
388 1315 477 1385 atque
495 1322 580 1366 omne
581 1324 596 1365 s
618 1305 768 1366 admittunt
787 1304 906 1366 aethera
929 1303 995 1366 luei

169 1388 317 1451 Undarum
334 1400 423 1452 sonat
442 1390 493 1452 ille
512 1391 601 1467 deas,
619 1390 791 1468 meliusque
813 1389 948 1450 silentum

170 1473 289 1553 incipit:
313 1474 475 1552 ‘Agrestes
496 1475 647 1537 fluviorum
665 1475 779 1534 numina
797 1470 959 1552 Nymphae,

170 1557 210 1619 Et
233 1561 324 1620 nostri
346 1577 415 1639 pars
432 1576 536 1637 magua
555 1560 675 1638 gregis,
697 1558 828 1638 perferte
850 1558 993 1634 laborem,
1117 1565 1168 1619 685

171 1642 267 1717 Quem
287 1643 397 1705 damus.
440 1643 600 1722 Argolicos
621 1643 738 1722 paulum
756 1643 825 1702 mibi
844 1641 971 1704 fontibus
993 1658 1092 1704 amnes

172 1730 340 1808 Stagnague
361 1736 392 1788 et
413 1737 545 1790 errantes
564 1727 702 1790 obdunito
723 1727 845 1807 pulvere
864 1727 954 1788 rivos.

171 1811 349 1892 Praecipuus
369 1811 512 1888 Nemees,
533 1832 590 1892 qua
608 1822 707 1874 nostra
726 1815 755 1874 in
776 1813 889 1874 moenia
910 1811 997 1874 bellis
1031 1863 1035 1871 .

171 1896 347 1974 Numitor,
368 1915 407 1958 ex
427 1896 487 1958 alto
505 1898 598 1975 lugiat
619 1898 730 1976 liquor3
754 1897 868 1958 adiuvat
889 1897 954 1976 ipse

171 1980 308 2042 Phoebus
333 1982 370 2044 all
390 1982 449 2043 hon
466 1999 594 2058 summo,
613 1990 714 2044 nosset
732 1983 760 2042 ni
779 1991 876 2042 vestra
897 1979 1041 2055 voluutas,

171 2065 288 2135 limite;
311 2068 368 2127 vim
391 2067 507 2146 eoeptis
524 2065 675 2145 indulgent
695 2075 789 2142 astra,
809 2082 954 2143 meaeque

171 2152 303 2213 Aestiier
322 2150 468 2230 Erigones
487 2161 601 2232 spumat
622 2152 712 2215 nauis.
754 2149 797 2211 lte
816 2149 963 2226 volentes,

172 2234 217 2296 lte
239 2238 268 2295 in
289 2246 394 2317 operta
414 2236 487 2306 soli;
512 2246 580 2317 post
599 2253 654 2296 vos
675 2252 734 2313 ego
756 2236 873 2314 gurgite
895 2234 983 2313 plenn

173 2319 314 2396 lilinum,
334 2330 365 2382 et
385 2339 461 2401 quae
480 2320 557 2383 dona
576 2322 651 2381 meis
672 2321 849 2399 amplissima
871 2318 963 2383 saeris

172 2404 283 2467 Vester
303 2405 424 2467 habebit
440 2406 552 2483 bonos,
573 2414 772 2483 nonturuaque
794 2405 870 2465 iarta
892 2404 1029 2465 lieentum

175 2488 371 2569 Cornipednm
394 2500 424 2552 et
444 2491 565 2571 enpilas
584 2488 747 2551 Fennorum
768 2488 877 2551 oroebn
897 2485 1036 2567 rapinas*

236 2573 372 2637 Dixerat:
395 2584 441 2636 ast
461 2575 518 2635 illis
540 2576 655 2635 tenuior
676 2592 853 2654 pereurrere
874 2572 953 2633 visun

175 2656 235 2719 0ra
254 2659 345 2734 situs,
366 2658 524 2737 viridisque
545 2659 637 2719 onmis
657 2658 808 2720 exhorruit
828 2658 940 2718 humor.

172 2742 307 2803 Protinus
324 2742 460 2804 luaohins
476 2742 570 2803 haurit
587 2743 651 2807 sitis
668 2742 756 2820 ignea
775 2758 903 2821 nampns.

172 2826 326 2905 Diffugere
349 2826 460 2904 undae,
482 2826 618 2907 squalent
638 2826 795 2905 fontesque
817 2826 969 2903 Ianusque,

173 2910 213 2973 Et
234 2929 305 2973 naua
325 2911 450 2973 feruenti
471 2912 628 2973 duresnunt
646 2911 761 2972 llnmiua
781 2910 859 2971 limo.

172 2995 275 3073 Aegra
296 2996 360 3057 solo
383 2998 509 3072 menies,
531 2997 684 3075 tenerique
705 2996 735 3055 in
756 2996 870 3073 origine
892 2994 979 3055 nulmi

174 3078 315 3142 lnnliuata
338 3099 443 3161 seges,
464 3082 619 3160 deneptum
639 3080 769 3158 margine
790 3082 873 3160 ripae

176 3166 241 3226 Stat
263 3183 371 3245 penos,
394 3175 481 3246 atque
501 3182 600 3227 amnes
623 3174 765 3245 quaerunt
785 3173 914 3225 armenta
935 3172 1058 3225 notatos.

239 3249 290 3311 Sin
310 3249 360 3311 ubi
381 3268 415 3311 se
437 3252 549 3331 maguis
566 3250 674 3312 rsilnun
696 3247 862 3329 suppressit
882 3249 911 3309 in
932 3248 1020 3309 antris
1119 3255 1170 3309 too

174 3333 261 3395 Nilus
278 3344 308 3395 et
328 3333 412 3395 ane
432 3335 569 3414 liquentia
590 3334 696 3414 pabula
718 3334 836 3395 brumae

176 3417 236 3480 Ore
262 3419 385 3498 premit,
404 3417 511 3480 fumant
529 3419 665 3481 desertae
686 3421 802 3497 gurgite
820 3418 927 3495 ualles,

175 3501 214 3564 Et
236 3504 326 3583 patris
347 3502 451 3564 undosi
471 3505 582 3565 sonitus
603 3504 741 3584 expectat
761 3504 858 3565 hinloa

174 3588 348 3668 Aegyptos,
372 3586 467 3649 donee
487 3587 598 3652 Phariis
615 3589 750 3649 alimenta
770 3598 890 3666 rogatus
1014 3605 1017 3613 ·

176 3671 275 3733 Donet
296 3673 374 3752 agris
393 3690 585 3753 magnumque
606 3674 722 3737 iudueat
742 3674 887 3735 messibus
908 3690 1019 3736 anunm.
