2842 4300
514 331 714 382 mesaneos
736 333 807 382 ute.
832 333 871 382 11.
984 385 988 392 ,
1149 317 1191 380 39

192 487 359 569 Explorare
381 489 484 550 aditus.
526 488 631 550 Audax
651 505 686 550 eu
707 507 825 550 munera
846 487 962 566 ritem
1138 493 1192 551 ato

193 575 307 653 Sponte
328 572 422 649 subit,
445 591 502 636 nec
522 591 582 634 non
602 583 631 634 et
650 583 700 649 te,
724 573 881 636 fortissime
902 573 998 651 gentis

192 659 345 735 Aetolum,
367 657 485 720 multum
504 658 631 720 lacrimis
650 667 754 720 conatu
775 659 881 720 morari

192 743 337 822 Deipyle,
359 743 412 804 setl
433 744 512 804 iussa
530 745 621 822 patris
641 744 752 822 tutique
771 761 927 821 regressus

192 827 304 906 Legato
325 829 477 906 iustaeque
499 846 605 908 preces
620 830 721 889 vicere
744 829 864 890 sororis.

256 911 375 991 lamque
393 931 528 974 emensus
548 915 604 973 iter
622 913 705 973 silvis
727 931 762 974 ac
782 914 867 974 litore
890 911 1001 988 durum,
1138 915 1189 982 375

193 996 258 1070 Qun
278 995 391 1058 Lernea
411 997 496 1076 palus
515 996 704 1076 ambustaque
725 998 856 1059 sontibus
875 997 934 1058 ulte

191 1081 308 1159 lntepet
329 1080 422 1158 hydra
440 1082 538 1159 vadis,
558 1091 589 1142 et
609 1101 666 1161 qua
686 1084 736 1142 vix
756 1083 882 1144 carmine
901 1097 968 1142 raro

189 1165 292 1244 Longa
313 1175 397 1227 sonat
419 1165 532 1228 Nemee
552 1167 678 1228 noudum
695 1167 861 1246 pastoribus
886 1167 975 1242 ausis,

192 1249 258 1325 Qua
279 1250 354 1311 latus
375 1249 457 1311 Eoos
478 1250 615 1330 Ephyres
635 1253 714 1330 quod
735 1253 831 1330 vergit
852 1252 888 1312 ad
910 1249 1017 1326 Euros,

192 1335 389 1416 Sisypbeique
405 1335 510 1396 sedent
530 1345 646 1416 portes3
667 1339 799 1416 irataque
818 1347 917 1398 terrae
1137 1341 1190 1397 380

193 1417 290 1481 Curva
309 1420 494 1482 Palaemonio
516 1420 676 1482 secluditur
698 1420 774 1483 unda
791 1421 937 1482 Lechaeo.

190 1504 265 1565 lliac
285 1513 506 1585 praetervectus
527 1504 645 1582 Nisum,
669 1514 699 1566 et
721 1516 771 1583 te,
794 1507 870 1566 mitis
891 1503 1023 1578 Eleusin,

189 1589 305 1651 naevus
326 1588 430 1666 babet,
451 1591 566 1670 iamque
586 1608 656 1651 arva
676 1590 769 1668 gradu
791 1590 964 1651 Theumesia
986 1598 1016 1649 et
1034 1606 1120 1650 arces

189 1673 282 1735 Intrat
296 1672 485 1752 Agenoream
503 1675 542 1736 ibi
563 1676 666 1738 tumn
687 1674 831 1736 Eteoclea
854 1675 947 1735 cernit
1041 1721 1044 1730 .

189 1758 349 1820 Sublimem
369 1758 447 1819 solio
466 1769 640 1839 septumque
661 1759 847 1820 horrentibus
867 1759 964 1820 arnus.
1137 1765 1190 1821 385

188 1843 256 1904 lura
278 1843 359 1903 ierus
380 1842 492 1923 populo
510 1851 590 1904 trans
608 1844 707 1921 legem
725 1863 761 1905 ac
781 1854 914 1922 tempora
936 1845 1019 1922 regni

188 1927 250 1989 lam
268 1927 364 1987 fratris
387 1928 423 1989 de
443 1938 526 2007 parte
547 1926 648 1997 (labat3
670 1928 755 1989 sedet
776 1946 860 1990 omne
878 1936 996 2007 paratus

188 2011 223 2072 lu
244 2011 356 2073 facinus
376 2014 567 2091 queriturque
587 2012 674 2073 fldem
689 2021 749 2074 tam
769 2030 839 2074 sero
860 2012 988 2090 reposci.

256 2093 391 2157 Constitit
411 2099 440 2157 in
459 2097 580 2173 mediis,
602 2116 699 2159 ramus
719 2097 884 2159 manifestat
906 2096 1002 2158 olivae

189 2181 344 2260 Legatum,
368 2200 531 2260 caumeque
551 2184 618 2243 riae
639 2178 805 2263 tromenque
826 2188 947 2259 rogetus

188 2266 302 2335 Editio
326 2274 415 2346 utque
435 2267 515 2327 rudis
535 2267 614 2329 fandi
634 2286 803 2347 pronusque
825 2266 918 2327 calori

190 2352 317 2430 Semper
338 2360 416 2428 erat,
440 2352 523 2412 iustis
540 2354 667 2412 miscens
687 2362 785 2413 tamen
803 2368 909 2431 aspera
931 2350 1045 2430 coepit:

191 2437 244 2496 ‘Si
261 2434 315 2495 tibi
336 2435 516 2516 placabiles
537 2445 567 2497 et
589 2436 657 2497 dicti
676 2454 746 2497 cura
767 2444 897 2497 maneret
949 2490 953 2495 .

191 2520 352 2597 Foederis,
372 2520 410 2581 ad
429 2520 547 2581 fratrem
569 2521 716 2601 completo
738 2522 840 2582 iustius
863 2537 938 2581 auno

189 2605 320 2683 Legatos
340 2604 407 2665 binc
427 2606 472 2665 ire
492 2605 560 2681 luit,
583 2616 672 2684 teque
694 2606 796 2667 ordine
818 2614 900 2665 certo

190 2690 347 2751 Fortunam
367 2707 477 2751 exuere
497 2698 527 2749 et
548 2690 655 2751 laetum
674 2690 859 2751 descendere
883 2705 987 2767 regno,

87 2834 92 2844 ,
191 2773 232 2835 Ut
254 2792 347 2851 uagus
367 2774 419 2835 ille
438 2774 486 2835 tliu
504 2792 666 2853 passusque
684 2774 760 2835 baud
781 2774 868 2853 digna
890 2792 945 2853 per
965 2771 1055 2833 urbes

189 2858 312 2936 Ignotae
332 2867 436 2937 pactae
456 2858 572 2919 tandem
589 2859 766 2919 succederet
787 2859 881 2921 aulae.

190 2942 254 3005 Sed
273 2944 338 3021 quia
359 2942 453 3003 dulcis
470 2961 551 3003 amor
569 2945 654 3021 regni
668 2942 861 3023 blandumque
881 2951 1024 3023 potestas,

189 3028 347 3104 Pometia,
366 3027 529 3089 astriferum
548 3028 640 3089 velox
659 3028 715 3089 iam
737 3028 864 3089 circulus
886 3028 989 3089 orbem

191 3112 307 3188 Torsit,
328 3122 359 3172 et
379 3112 502 3173 amissae
521 3112 670 3173 redierunt
688 3112 833 3173 montibus
851 3112 981 3188 umbrae,

190 3197 239 3259 Ex
261 3214 318 3276 quo
340 3196 430 3257 irater
451 3198 536 3277 inops
555 3199 655 3275 ignota
674 3215 730 3276 per
752 3196 860 3277 oppida
880 3198 980 3259 tristes

189 3282 269 3343 Exul
289 3282 348 3360 agit
371 3300 473 3360 casus,
497 3292 526 3343 et
546 3292 577 3343 te
594 3284 651 3343 iem
670 3291 784 3361 tempus
807 3292 910 3363 aperto

190 3366 253 3428 Sub
274 3365 345 3426 love
366 3366 446 3426 ierre
465 3368 527 3429 dies
547 3377 722 3446 terrenaque
743 3366 854 3445 irigora
876 3365 1012 3428 membris

189 3450 310 3513 Ducere
330 3460 362 3511 et
385 3459 526 3514 externos
545 3446 719 3513 submissum
737 3452 847 3513 ambire
869 3460 1002 3532 penates.

189 3536 271 3597 Pone
292 3535 408 3596 modum
428 3535 529 3606 laetis3
548 3538 620 3597 satis
641 3554 712 3597 auro
735 3536 817 3597 dives
839 3544 869 3597 et
886 3546 968 3597 ostro

190 3618 375 3701 Conspicuus
395 3629 511 3682 tenuem
534 3622 666 3700 germani
686 3623 824 3703 pauperis
845 3640 946 3683 annum
