2842 4300
260 369 303 433 bt
608 384 641 434 a.
662 383 799 435 renutu
817 383 933 437 sunum

262 541 313 602 Sic
334 537 430 619 hedit,
451 539 574 602 effusum
594 539 688 602 chaus
706 543 737 602 in
756 558 831 605 nova
853 543 1099 621 seminatorem,
1149 587 1151 592 .

261 626 322 686 Seu
344 626 411 705 quia
430 625 555 687 mutatae
575 635 735 707 cestuque
756 627 795 688 ab
815 629 929 706 origine
946 629 1042 689 versis
1136 673 1139 678 -
1208 639 1262 696 485

262 707 444 791 Corporibus
464 709 585 772 subiere
604 709 716 788 Notos,
739 729 791 771 seu
811 714 914 792 purior
930 714 1009 773 axis·

261 793 454 874 uinctumque
472 794 555 856 ucias
576 804 608 856 et
626 813 722 856 rarum
743 797 879 857 insistere
897 797 984 857 terris

261 878 341 940 Vera
362 879 481 949 docent;
505 878 558 939 tibi
579 897 703 957 summa,
725 889 809 940 satur
825 890 982 961 terraeque
1000 881 1155 965 deumque,
1251 895 1255 900 ”

261 964 346 1025 Scire
368 963 453 1025 licet:
474 980 530 1025 nos
550 963 712 1042 Argolicae
733 965 889 1045 primordia
911 983 1027 1056 paginae
1252 977 1256 986 '

260 1047 478 1128 venturumque
500 1049 578 1109 sinas
600 1048 688 1109 coelo
704 1065 867 1128 praenosse
889 1050 1030 1111 laborem.
1162 1084 1164 1093 =
1210 1063 1265 1119 seo

261 1134 292 1194 Si
316 1132 399 1194 datur
418 1143 449 1194 et
470 1132 550 1194 durh
569 1132 656 1194 sedet
674 1133 748 1194 haec
770 1136 911 1195 sententia
930 1135 1029 1195 Partis

260 1218 387 1278 Solvere
410 1217 568 1280 Echionias
586 1217 718 1279 hernaca
735 1219 857 1300 cuspide
882 1227 993 1298 pertas,

260 1303 350 1381 Signa
372 1301 451 1363 ieras
472 1302 634 1382 laevusque
653 1312 755 1372 tcues;
776 1314 844 1364 tunc
862 1304 954 1363 amnis
975 1306 1004 1363 in
1024 1305 1112 1367 astris
1179 1327 1183 1334 ·

262 1386 413 1448 consonet
436 1403 541 1448 arcana
560 1387 690 1448 voluens
711 1387 788 1448 bona
808 1402 951 1448 munuera
973 1388 1081 1466 lingua.

259 1473 292 1532 Si
314 1470 470 1551 prohibes,
489 1472 538 1531 hie
555 1481 645 1532 necte
664 1489 762 1534 moras
785 1473 955 1552 dextrisque
976 1473 1151 1552 pruiunulurn
1212 1485 1266 1542 495

260 1554 386 1616 Alitibus
406 1564 548 1634 praetexe
569 1557 668 1616 diem!
707 1558 759 1617 Sic
778 1557 870 1633 intus,
892 1567 922 1617 et
939 1558 999 1618 alto

260 1638 390 1700 Membra
407 1639 487 1700 locat
504 1640 646 1719 scopulo,
669 1650 738 1702 tnnc
756 1642 841 1720 plura
860 1643 1019 1721 ignotaque
1040 1643 1132 1721 iungit

261 1723 381 1784 Numina
403 1732 434 1783 et
453 1725 574 1784 inmensi
592 1725 694 1786 inuitur
716 1725 843 1804 caligine
864 1726 968 1786 mundi.

325 1808 479 1887 Postquain
500 1809 556 1869 rite
578 1809 626 1869 diu
645 1811 743 1889 partiti
765 1811 861 1872 sidera
884 1819 1005 1872 cunctas

261 1891 422 1970 Perlegere
440 1894 541 1953 animis
562 1893 716 1974 oculisque
735 1895 910 1975 sequacibus
928 1913 1024 1971 auras,
1208 1907 1264 1960 500

261 1977 342 2038 Tunc
360 1975 567 2053 Amythaonius
587 1977 678 2057 lungo
698 1990 768 2059 post
786 1991 919 2060 tempure
939 1989 1038 2040 vates:

261 2061 382 2122 ‘Nonne
403 2060 457 2121 sub
480 2063 601 2123 excelso
624 2066 760 2144 spirantis
780 2065 869 2126 limite
892 2064 983 2140 coeli,

260 2147 454 2227 Amphiarae,
475 2147 577 2225 vides,
599 2165 703 2209 eureus
724 2149 852 2211 utnulla
873 2166 996 2211 screnus

262 2232 335 2293 Ales
358 2240 425 2309 agat
445 2231 614 2312 liquidoque
635 2234 735 2313 pulum
755 2235 912 2315 complexa
933 2242 1030 2295 meatu

259 2315 403 2393 Pendeat,
426 2325 475 2376 aut
494 2316 610 2394 lugiens
631 2318 779 2397 placabile
800 2320 946 2399 planxerit
966 2317 1073 2380 omen?
1128 2314 1147 2337 Χ
1208 2332 1265 2386 bob

259 2400 327 2461 Non
345 2417 445 2461 comes
468 2400 610 2462 obscurus
633 2402 795 2482 tripodum,
817 2422 876 2464 non
895 2403 1021 2464 fulminis
1044 2405 1150 2467 ardeus

259 2486 372 2545 Vector
393 2485 477 2545 adest
493 2484 646 2565 flavaeque
667 2504 775 2547 sunaus
796 2490 859 2548 avis
880 2504 955 2549 unca
977 2487 1138 2565 Minervae,

259 2569 326 2629 Non
346 2569 426 2629 veuit
445 2571 574 2647 auguriis
592 2570 712 2649 melior,
734 2574 802 2651 quin
822 2573 921 2633 vultur
936 2582 967 2633 et
983 2572 1049 2633 altis

260 2654 400 2733 Desuper
419 2655 576 2734 accipitres
595 2655 767 2716 exultavere
787 2659 906 2737 rapinis.

259 2737 389 2799 Monstra
404 2737 521 2816 volant,
540 2739 623 2799 dirae
643 2740 769 2801 strident
786 2743 815 2803 in
837 2742 913 2802 unbe
934 2741 1082 2819 volucres,
1205 2754 1263 2808 blo

259 2822 485 2901 Nocturnaeqne
502 2833 621 2901 gemunt
641 2827 749 2904 striges
771 2836 801 2887 et
819 2826 922 2888 feralia
942 2825 1020 2887 bubc

259 2906 370 2967 Damna
390 2924 507 2967 canens.
549 2906 633 2981 Quae
650 2913 742 2989 prima
764 2912 849 2972 deum
869 2918 1004 2992 portenta
1026 2910 1203 2992 sequemur?

259 2990 350 3052 Hisne
370 2990 452 3069 (lari,
476 2990 675 3071 Thymbraee,
695 2994 817 3075 pbluml
842 2996 926 3056 simul
950 3012 1001 3056 ora
1023 3014 1149 3057 recursu

259 3074 365 3154 Ungue
384 3085 485 3136 secant
504 3076 624 3140 rabidae
645 3081 849 3160 planctumque
871 3080 1045 3142 imitantibus
1068 3081 1123 3141 alis

259 3158 416 3238 Exagitant
437 3159 590 3241 Zephyros
612 3172 643 3223 et
660 3165 776 3244 plumea
798 3174 921 3246 pectora
940 3165 1089 3229 caedunt?
1126 3205 1129 3213 »
1206 3180 1261 3234 ele

320 3243 374 3304 llle
394 3243 447 3305 snb
468 3245 558 3307 haec:
577 3246 738 3327 ‘liquidem
758 3251 847 3327 varii,
870 3259 971 3329 pater,
995 3251 1089 3311 omina
1111 3251 1226 3313 Phoebi

259 3330 357 3408 Saepe
377 3328 445 3405 tuli,
466 3331 523 3391 iarn
542 3340 610 3392 tnnc
630 3334 721 3413 prima
744 3350 830 3413 quum
850 3334 931 3413 pube
947 3335 1088 3395 virentem

258 3414 412 3475 semideos
433 3416 508 3476 inter
528 3417 614 3495 pinus
633 3435 681 3477 sne
701 3416 845 3479 Thessala
866 3434 958 3496 reges

258 3497 400 3568 Duceret3
425 3498 474 3560 hic
492 3516 579 3561 casus
596 3509 754 3581 terraeque
774 3505 919 3583 marisque
941 3513 1094 3566 canentem
1230 3541 1234 3549 ·

260 3582 445 3664 Obstupuere
466 3584 569 3655 ducem
591 3600 648 3645 nec
667 3603 715 3646 nne
734 3596 856 3649 senuna
878 3589 976 3649 locutu
1200 3604 1260 3659 ‘520
1339 3556 1340 3617 ἶ

259 3669 383 3749 Saepius
405 3670 434 3729 in
453 3667 547 3730 dabis
569 3667 683 3735 andum
703 3669 800 3733 lascni
822 3670 953 3754 hicpsus,
