<?xml version="1.0" encoding="UTF-8"?>
<!DOCTYPE html PUBLIC "-//W3C//DTD XHTML 1.0 Transitional//EN"
    "http://www.w3.org/TR/xhtml1/DTD/xhtml1-transitional.dtd">
<html xmlns="http://www.w3.org/1999/xhtml" xml:lang="en" lang="en">
 <head>
  <title>
</title>
<meta http-equiv="Content-Type" content="text/html;charset=utf-8" />
  <meta name='ocr-system' content='tesseract 3.04.00' />
  <meta name='ocr-capabilities' content='ocr_page ocr_carea ocr_par ocr_line ocrx_word'/>
</head>
<body>
  <div class='ocr_page' id='page_1' title='image "./publiuspapinius01quecgoog_0402.png"; bbox 0 0 2842 4300; ppageno 0'>
   <div class='ocr_carea' id='block_1_1' title="bbox 471 386 1155 472">
    <p class='ocr_par' dir='ltr' id='par_1_1' title="bbox 471 386 1155 472">
     <span class='ocr_line' id='line_1_1' title="bbox 471 386 1155 472; baseline 0.009 -29"><span class='ocrx_word' id='word_1_1' title='bbox 471 392 673 445; x_wconf 78' lang='lat' dir='ltr'><strong>nncnnrooa</strong></span> <span class='ocrx_word' id='word_1_2' title='bbox 689 394 761 445; x_wconf 77' lang='lat' dir='ltr'><strong>unc.</strong></span> <span class='ocrx_word' id='word_1_3' title='bbox 782 395 832 445; x_wconf 84' lang='lat' dir='ltr'><strong>rx.</strong></span> <span class='ocrx_word' id='word_1_4' title='bbox 1035 466 1038 472; x_wconf 71' lang='lat'>‚</span> <span class='ocrx_word' id='word_1_5' title='bbox 1095 386 1155 449; x_wconf 76' lang='lat'><strong>205</strong></span> 
     </span>
    </p>
   </div>
   <div class='ocr_carea' id='block_1_2' title="bbox 154 550 1156 2326">
    <p class='ocr_par' dir='ltr' id='par_1_2' title="bbox 154 550 1156 2326">
     <span class='ocr_line' id='line_1_2' title="bbox 155 550 851 641; baseline 0 -28"><span class='ocrx_word' id='word_1_6' title='bbox 155 550 275 613; x_wconf 85' lang='lat' dir='ltr'><strong>blolitur</strong></span> <span class='ocrx_word' id='word_1_7' title='bbox 296 551 411 631; x_wconf 88' lang='lat' dir='ltr'><strong>palleus</strong></span> <span class='ocrx_word' id='word_1_8' title='bbox 433 560 468 613; x_wconf 90' lang='lat' dir='ltr'><strong>et</strong></span> <span class='ocrx_word' id='word_1_9' title='bbox 486 552 594 613; x_wconf 82' lang='lat' dir='ltr'><strong>surdos</strong></span> <span class='ocrx_word' id='word_1_10' title='bbox 613 550 736 641; x_wconf 79' lang='lat' dir='ltr'><strong>expedit</strong></span> <span class='ocrx_word' id='word_1_11' title='bbox 755 567 851 615; x_wconf 85' lang='lat' dir='ltr'><strong>arcus.</strong></span> 
     </span>
     <span class='ocr_line' id='line_1_3' title="bbox 154 636 1155 719; baseline 0.005 -21"><span class='ocrx_word' id='word_1_12' title='bbox 154 636 275 715; x_wconf 90' lang='lat' dir='ltr'><strong>lamque</strong></span> <span class='ocrx_word' id='word_1_13' title='bbox 295 638 384 697; x_wconf 89' lang='lat' dir='ltr'><strong>instat</strong></span> <span class='ocrx_word' id='word_1_14' title='bbox 401 638 470 698; x_wconf 88' lang='lat' dir='ltr'><strong>telis</strong></span> <span class='ocrx_word' id='word_1_15' title='bbox 493 641 522 698; x_wconf 84' lang='lat' dir='ltr'><strong>et</strong></span> <span class='ocrx_word' id='word_1_16' title='bbox 542 646 695 719; x_wconf 84' lang='lat' dir='ltr'><strong>utramque</strong></span> <span class='ocrx_word' id='word_1_17' title='bbox 717 638 854 717; x_wconf 89' lang='lat' dir='ltr'><strong>obliquus</strong></span> <span class='ocrx_word' id='word_1_18' title='bbox 874 640 905 699; x_wconf 90' lang='lat' dir='ltr'><strong>in</strong></span> <span class='ocrx_word' id='word_1_19' title='bbox 925 639 1019 700; x_wconf 89' lang='lat' dir='ltr'><strong>ulnam</strong></span> <span class='ocrx_word' id='word_1_20' title='bbox 1103 649 1155 705; x_wconf 72' lang='lat'><strong>865</strong></span> 
     </span>
     <span class='ocr_line' id='line_1_4' title="bbox 157 719 918 803; baseline 0.003 -22"><span class='ocrx_word' id='word_1_21' title='bbox 157 719 275 782; x_wconf 80' lang='lat' dir='ltr'>Cornua</span> <span class='ocrx_word' id='word_1_22' title='bbox 299 724 441 801; x_wconf 75' lang='lat' dir='ltr'><strong>contingit</strong></span> <span class='ocrx_word' id='word_1_23' title='bbox 460 736 600 783; x_wconf 88' lang='lat' dir='ltr'><strong>mucrone</strong></span> <span class='ocrx_word' id='word_1_24' title='bbox 620 732 650 783; x_wconf 88' lang='lat' dir='ltr'><strong>et</strong></span> <span class='ocrx_word' id='word_1_25' title='bbox 669 732 791 803; x_wconf 82' lang='lat' dir='ltr'><strong>pectora</strong></span> <span class='ocrx_word' id='word_1_26' title='bbox 808 740 918 793; x_wconf 83' lang='lat' dir='ltr'><strong>nerro;</strong></span> 
     </span>
     <span class='ocr_line' id='line_1_5' title="bbox 157 805 929 887; baseline 0.001 -21"><span class='ocrx_word' id='word_1_27' title='bbox 157 805 252 880; x_wconf 82' lang='lat' dir='ltr'><strong>Quum</strong></span> <span class='ocrx_word' id='word_1_28' title='bbox 269 806 351 867; x_wconf 87' lang='lat' dir='ltr'><strong>ducis</strong></span> <span class='ocrx_word' id='word_1_29' title='bbox 373 806 460 867; x_wconf 81' lang='lat' dir='ltr'><strong>Aonii</strong></span> <span class='ocrx_word' id='word_1_30' title='bbox 480 824 585 885; x_wconf 76' lang='lat' dir='ltr'><strong>magno</strong></span> <span class='ocrx_word' id='word_1_31' title='bbox 607 808 663 868; x_wconf 88' lang='lat' dir='ltr'><strong>cita</strong></span> <span class='ocrx_word' id='word_1_32' title='bbox 684 808 797 867; x_wconf 87' lang='lat' dir='ltr'><strong>turbine</strong></span> <span class='ocrx_word' id='word_1_33' title='bbox 820 810 929 887; x_wconf 83' lang='lat' dir='ltr'><strong>caspie,</strong></span> 
     </span>
     <span class='ocr_line' id='line_1_6' title="bbox 156 890 910 973; baseline 0.003 -22"><span class='ocrx_word' id='word_1_34' title='bbox 156 890 262 951; x_wconf 78' lang='lat' dir='ltr'><strong>Fertur</strong></span> <span class='ocrx_word' id='word_1_35' title='bbox 282 892 312 951; x_wconf 92' lang='lat' dir='ltr'><strong>in</strong></span> <span class='ocrx_word' id='word_1_36' title='bbox 334 890 486 953; x_wconf 83' lang='lat' dir='ltr'><strong>adversum</strong></span> <span class='ocrx_word' id='word_1_37' title='bbox 507 894 647 972; x_wconf 87' lang='lat' dir='ltr'><strong>nervique</strong></span> <span class='ocrx_word' id='word_1_38' title='bbox 670 892 789 973; x_wconf 89' lang='lat' dir='ltr'><strong>obliqua</strong></span> <span class='ocrx_word' id='word_1_39' title='bbox 811 895 910 953; x_wconf 92' lang='lat' dir='ltr'><strong>sonori</strong></span> 
     </span>
     <span class='ocr_line' id='line_1_7' title="bbox 157 975 1002 1056; baseline 0.005 -21"><span class='ocrx_word' id='word_1_40' title='bbox 157 975 262 1036; x_wconf 88' lang='lat' dir='ltr'><strong>Vincla</strong></span> <span class='ocrx_word' id='word_1_41' title='bbox 283 985 382 1052; x_wconf 87' lang='lat' dir='ltr'><strong>secat,</strong></span> <span class='ocrx_word' id='word_1_42' title='bbox 404 986 529 1056; x_wconf 87' lang='lat' dir='ltr'><strong>pereunt</strong></span> <span class='ocrx_word' id='word_1_43' title='bbox 549 979 638 1054; x_wconf 87' lang='lat' dir='ltr'><strong>ictus,</strong></span> <span class='ocrx_word' id='word_1_44' title='bbox 660 978 1002 1056; x_wconf 81' lang='lat' dir='ltr'><strong>manibusqne&#39;rernissis</strong></span> 
     </span>
     <span class='ocr_line' id='line_1_8' title="bbox 156 1059 1155 1141; baseline 0.003 -22"><span class='ocrx_word' id='word_1_45' title='bbox 156 1059 240 1121; x_wconf 86' lang='lat' dir='ltr'><strong>Vana</strong></span> <span class='ocrx_word' id='word_1_46' title='bbox 260 1062 392 1139; x_wconf 90' lang='lat' dir='ltr'><strong>supinato</strong></span> <span class='ocrx_word' id='word_1_47' title='bbox 414 1061 582 1122; x_wconf 91' lang='lat' dir='ltr'><strong>ceciderunt</strong></span> <span class='ocrx_word' id='word_1_48' title='bbox 602 1062 715 1141; x_wconf 90' lang='lat' dir='ltr'><strong>spicula</strong></span> <span class='ocrx_word' id='word_1_49' title='bbox 737 1080 837 1122; x_wconf 87' lang='lat' dir='ltr'><strong>cornu.</strong></span> <span class='ocrx_word' id='word_1_50' title='bbox 1103 1076 1155 1130; x_wconf 79' lang='lat'><strong>870</strong></span> 
     </span>
     <span class='ocr_line' id='line_1_9' title="bbox 158 1143 963 1222; baseline 0.002 -17"><span class='ocrx_word' id='word_1_51' title='bbox 158 1143 240 1205; x_wconf 85' lang='lat' dir='ltr'><strong>Tunc</strong></span> <span class='ocrx_word' id='word_1_52' title='bbox 259 1147 348 1205; x_wconf 90' lang='lat' dir='ltr'><strong>miser</strong></span> <span class='ocrx_word' id='word_1_53' title='bbox 370 1154 399 1205; x_wconf 88' lang='lat' dir='ltr'><strong>et</strong></span> <span class='ocrx_word' id='word_1_54' title='bbox 420 1146 520 1207; x_wconf 83' lang='lat' dir='ltr'><strong>frenos</strong></span> <span class='ocrx_word' id='word_1_55' title='bbox 540 1146 671 1207; x_wconf 90' lang='lat' dir='ltr'><strong>turbatus</strong></span> <span class='ocrx_word' id='word_1_56' title='bbox 694 1156 724 1207; x_wconf 90' lang='lat' dir='ltr'><strong>et</strong></span> <span class='ocrx_word' id='word_1_57' title='bbox 743 1165 822 1207; x_wconf 90' lang='lat' dir='ltr'><strong>arma</strong></span> <span class='ocrx_word' id='word_1_58' title='bbox 843 1148 963 1222; x_wconf 76' lang='lat' dir='ltr'><strong>remisit,</strong></span> 
     </span>
     <span class='ocr_line' id='line_1_10' title="bbox 157 1229 969 1311; baseline 0.005 -22"><span class='ocrx_word' id='word_1_59' title='bbox 157 1229 295 1290; x_wconf 81' lang='lat' dir='ltr'>Vulneris</span> <span class='ocrx_word' id='word_1_60' title='bbox 314 1232 472 1308; x_wconf 90' lang='lat' dir='ltr'><strong>inpatiens,</strong></span> <span class='ocrx_word' id='word_1_61' title='bbox 495 1231 605 1292; x_wconf 88' lang='lat' dir='ltr'><strong>humeri</strong></span> <span class='ocrx_word' id='word_1_62' title='bbox 628 1232 705 1311; x_wconf 94' lang='lat' dir='ltr'><strong>quod</strong></span> <span class='ocrx_word' id='word_1_63' title='bbox 728 1233 854 1308; x_wconf 79' lang='lat' dir='ltr'><strong>tegmina</strong></span> <span class='ocrx_word' id='word_1_64' title='bbox 873 1232 969 1293; x_wconf 80' lang='lat' dir='ltr'><strong>dextri</strong></span> 
     </span>
     <span class='ocr_line' id='line_1_11' title="bbox 156 1312 937 1396; baseline 0.003 -21"><span class='ocrx_word' id='word_1_65' title='bbox 156 1312 280 1375; x_wconf 76' lang='lat' dir='ltr'><strong>intrarat</strong></span> <span class='ocrx_word' id='word_1_66' title='bbox 299 1314 474 1394; x_wconf 74' lang='lat' dir='ltr'><strong>facilemque</strong></span> <span class='ocrx_word' id='word_1_67' title='bbox 497 1324 591 1376; x_wconf 87' lang='lat' dir='ltr'><strong>cutem</strong></span> <span class='ocrx_word' id='word_1_68' title='bbox 613 1317 689 1377; x_wconf 87' lang='lat' dir='ltr'><strong>subit</strong></span> <span class='ocrx_word' id='word_1_69' title='bbox 711 1316 804 1376; x_wconf 89' lang='lat' dir='ltr'><strong>altera</strong></span> <span class='ocrx_word' id='word_1_70' title='bbox 828 1318 937 1396; x_wconf 92' lang='lat' dir='ltr'><strong>cuspis,</strong></span> 
     </span>
     <span class='ocr_line' id='line_1_12' title="bbox 159 1397 895 1481; baseline -0.001 -21"><span class='ocrx_word' id='word_1_71' title='bbox 159 1397 392 1479; x_wconf 82' lang='lat' dir='ltr'><strong>Cornipedisque</strong></span> <span class='ocrx_word' id='word_1_72' title='bbox 413 1400 511 1477; x_wconf 84' lang='lat' dir='ltr'><strong>iugarn</strong></span> <span class='ocrx_word' id='word_1_73' title='bbox 533 1402 648 1461; x_wconf 88' lang='lat' dir='ltr'><strong>succiso</strong></span> <span class='ocrx_word' id='word_1_74' title='bbox 675 1401 788 1481; x_wconf 88' lang='lat' dir='ltr'><strong>poplite</strong></span> <span class='ocrx_word' id='word_1_75' title='bbox 811 1402 895 1461; x_wconf 90' lang='lat' dir='ltr'><strong>sistit.</strong></span> 
     </span>
     <span class='ocr_line' id='line_1_13' title="bbox 160 1482 1153 1567; baseline 0.008 -24"><span class='ocrx_word' id='word_1_76' title='bbox 160 1482 242 1543; x_wconf 81' lang='lat' dir='ltr'><strong>Tunc</strong></span> <span class='ocrx_word' id='word_1_77' title='bbox 263 1483 338 1544; x_wconf 89' lang='lat' dir='ltr'><strong>cadit</strong></span> <span class='ocrx_word' id='word_1_78' title='bbox 359 1486 424 1563; x_wconf 93' lang='lat' dir='ltr'><strong>ipse</strong></span> <span class='ocrx_word' id='word_1_79' title='bbox 450 1485 562 1563; x_wconf 78' lang='lat' dir='ltr'><strong>Dryas,</strong></span> <span class='ocrx_word' id='word_1_80' title='bbox 586 1488 704 1562; x_wconf 89' lang='lat' dir='ltr'><strong>mirum,</strong></span> <span class='ocrx_word' id='word_1_81' title='bbox 723 1504 780 1545; x_wconf 91' lang='lat' dir='ltr'><strong>nec</strong></span> <span class='ocrx_word' id='word_1_82' title='bbox 801 1486 930 1545; x_wconf 89' lang='lat' dir='ltr'><strong>vulneris</strong></span> <span class='ocrx_word' id='word_1_83' title='bbox 947 1505 1066 1567; x_wconf 88' lang='lat' dir='ltr'><strong>usquam</strong></span> <span class='ocrx_word' id='word_1_84' title='bbox 1102 1498 1153 1553; x_wconf 79' lang='lat'><strong>875</strong></span> 
     </span>
     <span class='ocr_line' id='line_1_14' title="bbox 160 1566 972 1649; baseline 0 -20"><span class='ocrx_word' id='word_1_85' title='bbox 160 1566 320 1644; x_wconf 79' lang='lat' dir='ltr'><strong>Conscius,</strong></span> <span class='ocrx_word' id='word_1_86' title='bbox 343 1568 411 1629; x_wconf 94' lang='lat' dir='ltr'><strong>olim</strong></span> <span class='ocrx_word' id='word_1_87' title='bbox 428 1580 529 1630; x_wconf 92' lang='lat' dir='ltr'><strong>auctor</strong></span> <span class='ocrx_word' id='word_1_88' title='bbox 549 1570 616 1647; x_wconf 89' lang='lat' dir='ltr'><strong>teli,</strong></span> <span class='ocrx_word' id='word_1_89' title='bbox 640 1588 805 1649; x_wconf 84' lang='lat' dir='ltr'><strong>causaeque</strong></span> <span class='ocrx_word' id='word_1_90' title='bbox 826 1570 972 1649; x_wconf 89' lang='lat' dir='ltr'><strong>patebant.</strong></span> 
     </span>
     <span class='ocr_line' id='line_1_15' title="bbox 225 1652 871 1733; baseline 0 -20"><span class='ocrx_word' id='word_1_91' title='bbox 225 1652 264 1713; x_wconf 86' lang='lat' dir='ltr'><strong>At</strong></span> <span class='ocrx_word' id='word_1_92' title='bbox 285 1671 360 1732; x_wconf 91' lang='lat' dir='ltr'><strong>puer</strong></span> <span class='ocrx_word' id='word_1_93' title='bbox 379 1654 489 1713; x_wconf 87' lang='lat' dir='ltr'><strong>inlusus</strong></span> <span class='ocrx_word' id='word_1_94' title='bbox 511 1656 600 1714; x_wconf 90' lang='lat' dir='ltr'><strong>sociis</strong></span> <span class='ocrx_word' id='word_1_95' title='bbox 622 1655 756 1715; x_wconf 79' lang='lat' dir='ltr'><strong>indeuia</strong></span> <span class='ocrx_word' id='word_1_96' title='bbox 778 1656 871 1733; x_wconf 91' lang='lat' dir='ltr'><strong>campi</strong></span> 
     </span>
     <span class='ocr_line' id='line_1_16' title="bbox 158 1737 1013 1818; baseline 0.001 -19"><span class='ocrx_word' id='word_1_97' title='bbox 158 1737 299 1813; x_wconf 86' lang='lat' dir='ltr'><strong>Tollitur,</strong></span> <span class='ocrx_word' id='word_1_98' title='bbox 321 1738 378 1797; x_wconf 90' lang='lat' dir='ltr'><strong>beu</strong></span> <span class='ocrx_word' id='word_1_99' title='bbox 400 1739 525 1817; x_wconf 84' lang='lat' dir='ltr'><strong>simplex</strong></span> <span class='ocrx_word' id='word_1_100' title='bbox 546 1740 642 1800; x_wconf 84' lang='lat' dir='ltr'><strong>aetas!</strong></span> <span class='ocrx_word' id='word_1_101' title='bbox 664 1741 850 1818; x_wconf 89' lang='lat' dir='ltr'><strong>moriensque</strong></span> <span class='ocrx_word' id='word_1_102' title='bbox 871 1742 1013 1800; x_wconf 88' lang='lat' dir='ltr'><strong>iacentem</strong></span> 
     </span>
     <span class='ocr_line' id='line_1_17' title="bbox 155 1822 910 1901; baseline -0.001 -17"><span class='ocrx_word' id='word_1_103' title='bbox 155 1822 263 1884; x_wconf 85' lang='lat' dir='ltr'><strong>Flebat</strong></span> <span class='ocrx_word' id='word_1_104' title='bbox 284 1840 400 1901; x_wconf 87' lang='lat' dir='ltr'><strong>equum;</strong></span> <span class='ocrx_word' id='word_1_105' title='bbox 423 1824 528 1884; x_wconf 91' lang='lat' dir='ltr'><strong>cecidit</strong></span> <span class='ocrx_word' id='word_1_106' title='bbox 549 1823 645 1884; x_wconf 90' lang='lat' dir='ltr'><strong>laxata</strong></span> <span class='ocrx_word' id='word_1_107' title='bbox 668 1824 783 1884; x_wconf 90' lang='lat' dir='ltr'><strong>casside</strong></span> <span class='ocrx_word' id='word_1_108' title='bbox 803 1824 910 1901; x_wconf 87' lang='lat' dir='ltr'><strong>vultus,</strong></span> 
     </span>
     <span class='ocr_line' id='line_1_18' title="bbox 156 1908 1156 1988; baseline -0.001 -21"><span class='ocrx_word' id='word_1_109' title='bbox 156 1908 318 1985; x_wconf 79' lang='lat' dir='ltr'><strong>Aegraque</strong></span> <span class='ocrx_word' id='word_1_110' title='bbox 340 1924 395 1987; x_wconf 88' lang='lat' dir='ltr'><strong>per</strong></span> <span class='ocrx_word' id='word_1_111' title='bbox 415 1908 546 1986; x_wconf 89' lang='lat' dir='ltr'><strong>trepidos</strong></span> <span class='ocrx_word' id='word_1_112' title='bbox 570 1910 683 1988; x_wconf 88' lang='lat' dir='ltr'><strong>expirat</strong></span> <span class='ocrx_word' id='word_1_113' title='bbox 703 1910 795 1985; x_wconf 81' lang='lat' dir='ltr'><strong>gratia</strong></span> <span class='ocrx_word' id='word_1_114' title='bbox 816 1910 907 1983; x_wconf 90' lang='lat' dir='ltr'><strong>risus,</strong></span> <span class='ocrx_word' id='word_1_115' title='bbox 1103 1921 1156 1975; x_wconf 76' lang='lat'><strong>880</strong></span> 
     </span>
     <span class='ocr_line' id='line_1_19' title="bbox 157 1991 959 2072; baseline 0 -19"><span class='ocrx_word' id='word_1_116' title='bbox 157 1991 197 2053; x_wconf 83' lang='lat' dir='ltr'><strong>llt</strong></span> <span class='ocrx_word' id='word_1_117' title='bbox 219 1993 332 2071; x_wconf 91' lang='lat' dir='ltr'><strong>prensis</strong></span> <span class='ocrx_word' id='word_1_118' title='bbox 356 2008 498 2052; x_wconf 87' lang='lat' dir='ltr'><strong>concussa</strong></span> <span class='ocrx_word' id='word_1_119' title='bbox 521 1993 611 2051; x_wconf 91' lang='lat' dir='ltr'><strong>comis</strong></span> <span class='ocrx_word' id='word_1_120' title='bbox 633 2002 679 2052; x_wconf 92' lang='lat' dir='ltr'><strong>ter</strong></span> <span class='ocrx_word' id='word_1_121' title='bbox 698 1992 776 2053; x_wconf 91' lang='lat' dir='ltr'><strong>colla</strong></span> <span class='ocrx_word' id='word_1_122' title='bbox 798 2002 959 2072; x_wconf 89' lang='lat' dir='ltr'><strong>quaterque</strong></span> 
     </span>
     <span class='ocr_line' id='line_1_20' title="bbox 157 2076 981 2156; baseline 0 -18"><span class='ocrx_word' id='word_1_123' title='bbox 157 2078 244 2138; x_wconf 89' lang='lat' dir='ltr'><strong>Stare</strong></span> <span class='ocrx_word' id='word_1_124' title='bbox 262 2084 386 2155; x_wconf 87' lang='lat' dir='ltr'><strong>negant,</strong></span> <span class='ocrx_word' id='word_1_125' title='bbox 407 2078 537 2156; x_wconf 88' lang='lat' dir='ltr'><strong>ipsisque</strong></span> <span class='ocrx_word' id='word_1_126' title='bbox 558 2077 640 2137; x_wconf 90' lang='lat' dir='ltr'><strong>neias</strong></span> <span class='ocrx_word' id='word_1_127' title='bbox 664 2076 844 2137; x_wconf 77' lang='lat' dir='ltr'><strong>lacrimabile</strong></span> <span class='ocrx_word' id='word_1_128' title='bbox 862 2076 981 2156; x_wconf 83' lang='lat' dir='ltr'><strong>Thebis,</strong></span> 
     </span>
     <span class='ocr_line' id='line_1_21' title="bbox 157 2159 862 2242; baseline 0 -20"><span class='ocrx_word' id='word_1_129' title='bbox 157 2161 224 2223; x_wconf 89' lang='lat' dir='ltr'><strong>Ibat</strong></span> <span class='ocrx_word' id='word_1_130' title='bbox 243 2180 407 2242; x_wconf 90' lang='lat' dir='ltr'><strong>purpureus</strong></span> <span class='ocrx_word' id='word_1_131' title='bbox 428 2163 514 2221; x_wconf 90' lang='lat' dir='ltr'><strong>niveo</strong></span> <span class='ocrx_word' id='word_1_132' title='bbox 537 2162 573 2222; x_wconf 90' lang='lat' dir='ltr'><strong>de</strong></span> <span class='ocrx_word' id='word_1_133' title='bbox 594 2159 717 2241; x_wconf 82' lang='lat' dir='ltr'><strong>pectore</strong></span> <span class='ocrx_word' id='word_1_134' title='bbox 736 2164 862 2240; x_wconf 81' lang='lat' dir='ltr'><strong>sanguis.</strong></span> 
     </span>
     <span class='ocr_line' id='line_1_22' title="bbox 160 2245 984 2326; baseline 0.001 -19"><span class='ocrx_word' id='word_1_135' title='bbox 160 2245 290 2307; x_wconf 74' lang='lat' dir='ltr'><strong>&#39;landem</strong></span> <span class='ocrx_word' id='word_1_136' title='bbox 314 2247 387 2306; x_wconf 88' lang='lat' dir='ltr'><strong>baec</strong></span> <span class='ocrx_word' id='word_1_137' title='bbox 410 2247 536 2324; x_wconf 79' lang='lat' dir='ltr'><strong>singultu</strong></span> <span class='ocrx_word' id='word_1_138' title='bbox 556 2247 647 2308; x_wconf 91' lang='lat' dir='ltr'><strong>verba</strong></span> <span class='ocrx_word' id='word_1_139' title='bbox 669 2248 815 2308; x_wconf 88' lang='lat' dir='ltr'><strong>incidente</strong></span> <span class='ocrx_word' id='word_1_140' title='bbox 836 2247 984 2326; x_wconf 84' lang='lat' dir='ltr'><strong>profatur:</strong></span> 
     </span>
    </p>
   </div>
   <div class='ocr_carea' id='block_1_3' title="bbox 155 2300 1173 2562">
    <p class='ocr_par' dir='ltr' id='par_1_3' title="bbox 155 2300 1173 2562">
     <span class='ocr_line' id='line_1_23' title="bbox 224 2300 1173 2411; baseline 0.005 -20"><span class='ocrx_word' id='word_1_141' title='bbox 224 2329 390 2407; x_wconf 57' lang='lat' dir='ltr'><strong>‘labinum</strong></span> <span class='ocrx_word' id='word_1_142' title='bbox 413 2333 438 2408; x_wconf 95' lang='lat' dir='ltr'><strong>i,</strong></span> <span class='ocrx_word' id='word_1_143' title='bbox 462 2332 611 2408; x_wconf 89' lang='lat' dir='ltr'><strong>miseram,</strong></span> <span class='ocrx_word' id='word_1_144' title='bbox 631 2331 767 2408; x_wconf 89' lang='lat' dir='ltr'><strong>Dorceu,</strong></span> <span class='ocrx_word' id='word_1_145' title='bbox 790 2332 888 2392; x_wconf 91' lang='lat' dir='ltr'><strong>solare</strong></span> <span class='ocrx_word' id='word_1_146' title='bbox 907 2342 1066 2411; x_wconf 90' lang='lat' dir='ltr'><strong>parentem.</strong></span> <span class='ocrx_word' id='word_1_147' title='bbox 1103 2300 1173 2398; x_wconf 17' lang='lat'><strong>885!</strong></span> 
     </span>
     <span class='ocr_line' id='line_1_24' title="bbox 155 2415 911 2501; baseline 0 -24"><span class='ocrx_word' id='word_1_148' title='bbox 155 2415 212 2477; x_wconf 93' lang='lat' dir='ltr'><strong>Illa</strong></span> <span class='ocrx_word' id='word_1_149' title='bbox 229 2416 361 2495; x_wconf 89' lang='lat' dir='ltr'><strong>quidem,</strong></span> <span class='ocrx_word' id='word_1_150' title='bbox 384 2417 409 2475; x_wconf 92' lang='lat' dir='ltr'><strong>si</strong></span> <span class='ocrx_word' id='word_1_151' title='bbox 430 2435 501 2476; x_wconf 86' lang='lat' dir='ltr'><strong>vera</strong></span> <span class='ocrx_word' id='word_1_152' title='bbox 518 2416 614 2476; x_wconf 90' lang='lat' dir='ltr'><strong>ierunt</strong></span> <span class='ocrx_word' id='word_1_153' title='bbox 634 2419 789 2496; x_wconf 82' lang='lat' dir='ltr'><strong>praesagia</strong></span> <span class='ocrx_word' id='word_1_154' title='bbox 803 2435 911 2501; x_wconf 89' lang='lat' dir='ltr'><strong>curae,</strong></span> 
     </span>
     <span class='ocr_line' id='line_1_25' title="bbox 157 2501 914 2562; baseline -0.001 -2"><span class='ocrx_word' id='word_1_155' title='bbox 157 2501 219 2560; x_wconf 81' lang='lat' dir='ltr'><strong>Aut</strong></span> <span class='ocrx_word' id='word_1_156' title='bbox 238 2517 339 2560; x_wconf 89' lang='lat' dir='ltr'><strong>somno</strong></span> <span class='ocrx_word' id='word_1_157' title='bbox 360 2502 415 2560; x_wconf 93' lang='lat' dir='ltr'><strong>iam</strong></span> <span class='ocrx_word' id='word_1_158' title='bbox 437 2502 520 2561; x_wconf 89' lang='lat' dir='ltr'><strong>triste</strong></span> <span class='ocrx_word' id='word_1_159' title='bbox 542 2501 624 2562; x_wconf 84' lang='lat' dir='ltr'><strong>nefas</strong></span> <span class='ocrx_word' id='word_1_160' title='bbox 647 2511 695 2562; x_wconf 93' lang='lat' dir='ltr'><strong>aut</strong></span> <span class='ocrx_word' id='word_1_161' title='bbox 718 2505 812 2562; x_wconf 88' lang='lat' dir='ltr'><strong>omine</strong></span> <span class='ocrx_word' id='word_1_162' title='bbox 834 2501 914 2561; x_wconf 88' lang='lat' dir='ltr'><strong>vidit.</strong></span> 
     </span>
    </p>
   </div>
   <div class='ocr_carea' id='block_1_4' title="bbox 84 2585 1159 3767">
    <p class='ocr_par' dir='ltr' id='par_1_4' title="bbox 160 2585 930 2666">
     <span class='ocr_line' id='line_1_26' title="bbox 160 2585 930 2666; baseline -0.003 -20"><span class='ocrx_word' id='word_1_163' title='bbox 160 2585 205 2646; x_wconf 81' lang='lat' dir='ltr'><strong>&#39;l&#39;u</strong></span> <span class='ocrx_word' id='word_1_164' title='bbox 227 2594 322 2645; x_wconf 91' lang='lat' dir='ltr'><strong>tamen</strong></span> <span class='ocrx_word' id='word_1_165' title='bbox 340 2593 402 2646; x_wconf 91' lang='lat' dir='ltr'><strong>arte</strong></span> <span class='ocrx_word' id='word_1_166' title='bbox 424 2587 472 2664; x_wconf 93' lang='lat' dir='ltr'><strong>pia</strong></span> <span class='ocrx_word' id='word_1_167' title='bbox 492 2587 633 2665; x_wconf 90' lang='lat' dir='ltr'><strong>trepidam</strong></span> <span class='ocrx_word' id='word_1_168' title='bbox 655 2586 802 2666; x_wconf 87' lang='lat' dir='ltr'><strong>suspende</strong></span> <span class='ocrx_word' id='word_1_169' title='bbox 823 2586 930 2664; x_wconf 90' lang='lat' dir='ltr'><strong>diuque</strong></span> 
     </span>
    </p>

    <p class='ocr_par' dir='ltr' id='par_1_5' title="bbox 157 2669 902 2749">
     <span class='ocr_line' id='line_1_27' title="bbox 157 2669 902 2749; baseline -0.001 -19"><span class='ocrx_word' id='word_1_170' title='bbox 157 2669 312 2749; x_wconf 87' lang='lat' dir='ltr'><strong>Decipito;</strong></span> <span class='ocrx_word' id='word_1_171' title='bbox 338 2689 395 2730; x_wconf 90' lang='lat' dir='ltr'><strong>neu</strong></span> <span class='ocrx_word' id='word_1_172' title='bbox 417 2678 446 2730; x_wconf 90' lang='lat' dir='ltr'><strong>tu</strong></span> <span class='ocrx_word' id='word_1_173' title='bbox 468 2669 578 2730; x_wconf 90' lang='lat' dir='ltr'><strong>subitus</strong></span> <span class='ocrx_word' id='word_1_174' title='bbox 597 2689 672 2730; x_wconf 89' lang='lat' dir='ltr'><strong>neve</strong></span> <span class='ocrx_word' id='word_1_175' title='bbox 694 2689 771 2730; x_wconf 90' lang='lat' dir='ltr'><strong>arma</strong></span> <span class='ocrx_word' id='word_1_176' title='bbox 791 2672 902 2730; x_wconf 89' lang='lat' dir='ltr'><strong>tenenti</strong></span> 
     </span>
    </p>

    <p class='ocr_par' dir='ltr' id='par_1_6' title="bbox 157 2754 1157 2918">
     <span class='ocr_line' id='line_1_28' title="bbox 157 2754 1157 2832; baseline 0.001 -19"><span class='ocrx_word' id='word_1_177' title='bbox 157 2754 303 2831; x_wconf 86' lang='lat' dir='ltr'><strong>Veneris,</strong></span> <span class='ocrx_word' id='word_1_178' title='bbox 326 2763 356 2814; x_wconf 90' lang='lat' dir='ltr'><strong>et</strong></span> <span class='ocrx_word' id='word_1_179' title='bbox 376 2755 491 2816; x_wconf 89' lang='lat' dir='ltr'><strong>tandem</strong></span> <span class='ocrx_word' id='word_1_180' title='bbox 512 2773 598 2832; x_wconf 92' lang='lat' dir='ltr'><strong>quum</strong></span> <span class='ocrx_word' id='word_1_181' title='bbox 619 2757 675 2814; x_wconf 87' lang='lat' dir='ltr'><strong>iarn</strong></span> <span class='ocrx_word' id='word_1_182' title='bbox 695 2773 807 2832; x_wconf 81' lang='lat' dir='ltr'><strong>cogere</strong></span> <span class='ocrx_word' id='word_1_183' title='bbox 825 2754 922 2831; x_wconf 86' lang='lat' dir='ltr'><strong>lateri,</strong></span> <span class='ocrx_word' id='word_1_184' title='bbox 1103 2766 1157 2821; x_wconf 74' lang='lat'><strong>890</strong></span> 
     </span>
     <span class='ocr_line' id='line_1_29' title="bbox 158 2837 981 2918; baseline -0.001 -19"><span class='ocrx_word' id='word_1_185' title='bbox 158 2838 232 2899; x_wconf 85' lang='lat' dir='ltr'><strong>Dic:</strong></span> <span class='ocrx_word' id='word_1_186' title='bbox 255 2837 363 2915; x_wconf 89' lang='lat' dir='ltr'><strong>illerui,</strong></span> <span class='ocrx_word' id='word_1_187' title='bbox 386 2839 536 2918; x_wconf 80' lang='lat' dir='ltr'><strong>genetrix,</strong></span> <span class='ocrx_word' id='word_1_188' title='bbox 560 2856 689 2918; x_wconf 90' lang='lat' dir='ltr'><strong>poenas,</strong></span> <span class='ocrx_word' id='word_1_189' title='bbox 711 2841 798 2899; x_wconf 85' lang='lat' dir='ltr'><strong>inrita</strong></span> <span class='ocrx_word' id='word_1_190' title='bbox 820 2857 981 2917; x_wconf 87' lang='lat' dir='ltr'><strong>capessens</strong></span> 
     </span>
    </p>

    <p class='ocr_par' dir='ltr' id='par_1_7' title="bbox 157 2923 890 3004">
     <span class='ocr_line' id='line_1_30' title="bbox 157 2923 890 3004; baseline -0.003 -20"><span class='ocrx_word' id='word_1_191' title='bbox 157 2924 250 2984; x_wconf 81' lang='lat' dir='ltr'><strong>Arma</strong></span> <span class='ocrx_word' id='word_1_192' title='bbox 272 2942 346 3003; x_wconf 91' lang='lat' dir='ltr'><strong>puer</strong></span> <span class='ocrx_word' id='word_1_193' title='bbox 368 2925 468 3004; x_wconf 91' lang='lat' dir='ltr'><strong>rapui,</strong></span> <span class='ocrx_word' id='word_1_194' title='bbox 490 2923 546 2983; x_wconf 87' lang='lat' dir='ltr'><strong>nec</strong></span> <span class='ocrx_word' id='word_1_195' title='bbox 568 2933 597 2984; x_wconf 89' lang='lat' dir='ltr'><strong>te</strong></span> <span class='ocrx_word' id='word_1_196' title='bbox 617 2926 761 2984; x_wconf 90' lang='lat' dir='ltr'><strong>retinente</strong></span> <span class='ocrx_word' id='word_1_197' title='bbox 783 2925 890 3003; x_wconf 90' lang='lat' dir='ltr'><strong>quievi,</strong></span> 
     </span>
    </p>

    <p class='ocr_par' dir='ltr' id='par_1_8' title="bbox 156 3007 931 3088">
     <span class='ocr_line' id='line_1_31' title="bbox 156 3007 931 3088; baseline 0.001 -20"><span class='ocrx_word' id='word_1_198' title='bbox 156 3007 225 3069; x_wconf 86' lang='lat' dir='ltr'><strong>Nec</strong></span> <span class='ocrx_word' id='word_1_199' title='bbox 246 3008 298 3069; x_wconf 92' lang='lat' dir='ltr'><strong>tibi</strong></span> <span class='ocrx_word' id='word_1_200' title='bbox 318 3007 461 3069; x_wconf 88' lang='lat' dir='ltr'><strong>sollicitae</strong></span> <span class='ocrx_word' id='word_1_201' title='bbox 483 3008 585 3069; x_wconf 89' lang='lat' dir='ltr'><strong>saltem</strong></span> <span class='ocrx_word' id='word_1_202' title='bbox 607 3009 682 3068; x_wconf 90' lang='lat' dir='ltr'><strong>inter</strong></span> <span class='ocrx_word' id='word_1_203' title='bbox 700 3008 780 3069; x_wconf 91' lang='lat' dir='ltr'><strong>bella</strong></span> <span class='ocrx_word' id='word_1_204' title='bbox 798 3010 931 3088; x_wconf 87' lang='lat' dir='ltr'><strong>peperci.</strong></span> 
     </span>
    </p>

    <p class='ocr_par' dir='ltr' id='par_1_9' title="bbox 158 3093 935 3172">
     <span class='ocr_line' id='line_1_32' title="bbox 158 3093 935 3172; baseline 0 -20"><span class='ocrx_word' id='word_1_205' title='bbox 158 3093 236 3152; x_wconf 82' lang='lat' dir='ltr'><strong>Vive</strong></span> <span class='ocrx_word' id='word_1_206' title='bbox 258 3093 346 3171; x_wconf 83' lang='lat' dir='ltr'><strong>igitur</strong></span> <span class='ocrx_word' id='word_1_207' title='bbox 366 3094 522 3172; x_wconf 90' lang='lat' dir='ltr'><strong>potiusque</strong></span> <span class='ocrx_word' id='word_1_208' title='bbox 544 3094 644 3154; x_wconf 89' lang='lat' dir='ltr'><strong>animis</strong></span> <span class='ocrx_word' id='word_1_209' title='bbox 665 3095 795 3154; x_wconf 92' lang='lat' dir='ltr'><strong>irascere</strong></span> <span class='ocrx_word' id='word_1_210' title='bbox 816 3095 935 3170; x_wconf 88' lang='lat' dir='ltr'><strong>nostris,</strong></span> 
     </span>
    </p>

    <p class='ocr_par' dir='ltr' id='par_1_10' title="bbox 151 3175 1157 3342">
     <span class='ocr_line' id='line_1_33' title="bbox 151 3175 1157 3258; baseline -0.003 -19"><span class='ocrx_word' id='word_1_211' title='bbox 151 3175 200 3258; x_wconf 18' lang='lat' dir='ltr'><strong>,Er</strong></span> <span class='ocrx_word' id='word_1_212' title='bbox 221 3178 275 3237; x_wconf 88' lang='lat' dir='ltr'><strong>iarn</strong></span> <span class='ocrx_word' id='word_1_213' title='bbox 293 3195 371 3256; x_wconf 93' lang='lat' dir='ltr'><strong>pone</strong></span> <span class='ocrx_word' id='word_1_214' title='bbox 389 3180 496 3248; x_wconf 89' lang='lat' dir='ltr'><strong>metus;</strong></span> <span class='ocrx_word' id='word_1_215' title='bbox 516 3177 622 3238; x_wconf 88' lang='lat' dir='ltr'><strong>irustra</strong></span> <span class='ocrx_word' id='word_1_216' title='bbox 644 3177 680 3238; x_wconf 92' lang='lat' dir='ltr'><strong>de</strong></span> <span class='ocrx_word' id='word_1_217' title='bbox 701 3179 780 3238; x_wconf 91' lang='lat' dir='ltr'><strong>colle</strong></span> <span class='ocrx_word' id='word_1_218' title='bbox 800 3177 907 3254; x_wconf 76' lang='lat' dir='ltr'><strong>Lycaei</strong></span> <span class='ocrx_word' id='word_1_219' title='bbox 1105 3189 1157 3245; x_wconf 75' lang='lat'><strong>895</strong></span> 
     </span>
     <span class='ocr_line' id='line_1_34' title="bbox 158 3263 908 3342; baseline -0.003 -18"><span class='ocrx_word' id='word_1_220' title='bbox 158 3263 256 3324; x_wconf 83' lang='lat' dir='ltr'><strong>Anxia</strong></span> <span class='ocrx_word' id='word_1_221' title='bbox 277 3269 470 3341; x_wconf 89' lang='lat' dir='ltr'><strong>prospectas,</strong></span> <span class='ocrx_word' id='word_1_222' title='bbox 494 3265 518 3322; x_wconf 90' lang='lat' dir='ltr'><strong>si</strong></span> <span class='ocrx_word' id='word_1_223' title='bbox 540 3265 605 3342; x_wconf 88' lang='lat' dir='ltr'><strong>quis</strong></span> <span class='ocrx_word' id='word_1_224' title='bbox 626 3281 681 3342; x_wconf 92' lang='lat' dir='ltr'><strong>per</strong></span> <span class='ocrx_word' id='word_1_225' title='bbox 701 3263 800 3329; x_wconf 90' lang='lat' dir='ltr'><strong>nubila</strong></span> <span class='ocrx_word' id='word_1_226' title='bbox 820 3263 908 3339; x_wconf 85' lang='lat' dir='ltr'><strong>longe</strong></span> 
     </span>
    </p>

    <p class='ocr_par' dir='ltr' id='par_1_11' title="bbox 159 3346 992 3426">
     <span class='ocr_line' id='line_1_35' title="bbox 159 3346 992 3426; baseline -0.001 -19"><span class='ocrx_word' id='word_1_227' title='bbox 159 3346 222 3407; x_wconf 85' lang='lat' dir='ltr'><strong>Aut</strong></span> <span class='ocrx_word' id='word_1_228' title='bbox 244 3363 331 3406; x_wconf 89' lang='lat' dir='ltr'><strong>sonus</strong></span> <span class='ocrx_word' id='word_1_229' title='bbox 353 3357 402 3407; x_wconf 90' lang='lat' dir='ltr'><strong>aut</strong></span> <span class='ocrx_word' id='word_1_230' title='bbox 422 3357 523 3407; x_wconf 90' lang='lat' dir='ltr'><strong>nostro</strong></span> <span class='ocrx_word' id='word_1_231' title='bbox 546 3347 674 3408; x_wconf 86' lang='lat' dir='ltr'><strong>sublatus</strong></span> <span class='ocrx_word' id='word_1_232' title='bbox 696 3347 732 3408; x_wconf 91' lang='lat' dir='ltr'><strong>ab</strong></span> <span class='ocrx_word' id='word_1_233' title='bbox 753 3349 866 3425; x_wconf 85' lang='lat' dir='ltr'><strong>agmine</strong></span> <span class='ocrx_word' id='word_1_234' title='bbox 887 3346 992 3426; x_wconf 86' lang='lat' dir='ltr'><strong>pulvis.</strong></span> 
     </span>
    </p>

    <p class='ocr_par' dir='ltr' id='par_1_12' title="bbox 158 3431 909 3510">
     <span class='ocr_line' id='line_1_36' title="bbox 158 3431 909 3510; baseline -0.001 -18"><span class='ocrx_word' id='word_1_235' title='bbox 158 3431 296 3508; x_wconf 82' lang='lat' dir='ltr'><strong>Frigidus</strong></span> <span class='ocrx_word' id='word_1_236' title='bbox 317 3433 346 3491; x_wconf 91' lang='lat' dir='ltr'><strong>in</strong></span> <span class='ocrx_word' id='word_1_237' title='bbox 366 3431 441 3492; x_wconf 92' lang='lat' dir='ltr'><strong>nuda</strong></span> <span class='ocrx_word' id='word_1_238' title='bbox 463 3434 547 3492; x_wconf 91' lang='lat' dir='ltr'><strong>iaceo</strong></span> <span class='ocrx_word' id='word_1_239' title='bbox 566 3433 688 3508; x_wconf 90' lang='lat' dir='ltr'><strong>tellure,</strong></span> <span class='ocrx_word' id='word_1_240' title='bbox 711 3451 768 3492; x_wconf 91' lang='lat' dir='ltr'><strong>nec</strong></span> <span class='ocrx_word' id='word_1_241' title='bbox 789 3449 909 3510; x_wconf 90' lang='lat' dir='ltr'><strong>usquam</strong></span> 
     </span>
    </p>

    <p class='ocr_par' dir='ltr' id='par_1_13' title="bbox 161 3514 986 3596">
     <span class='ocr_line' id='line_1_37' title="bbox 161 3514 986 3596; baseline 0.002 -22"><span class='ocrx_word' id='word_1_242' title='bbox 161 3514 207 3575; x_wconf 85' lang='lat' dir='ltr'><strong>&#39;lu</strong></span> <span class='ocrx_word' id='word_1_243' title='bbox 228 3533 339 3595; x_wconf 86' lang='lat' dir='ltr'><strong>prope,</strong></span> <span class='ocrx_word' id='word_1_244' title='bbox 362 3535 436 3595; x_wconf 92' lang='lat' dir='ltr'><strong>quae</strong></span> <span class='ocrx_word' id='word_1_245' title='bbox 458 3516 554 3576; x_wconf 83' lang='lat' dir='ltr'><strong>vultus</strong></span> <span class='ocrx_word' id='word_1_246' title='bbox 577 3517 762 3596; x_wconf 86' lang='lat' dir='ltr'><strong>efflantiaque</strong></span> <span class='ocrx_word' id='word_1_247' title='bbox 785 3534 837 3576; x_wconf 92' lang='lat' dir='ltr'><strong>ora</strong></span> <span class='ocrx_word' id='word_1_248' title='bbox 857 3525 986 3577; x_wconf 90' lang='lat' dir='ltr'><strong>teneres.</strong></span> 
     </span>
    </p>

    <p class='ocr_par' dir='ltr' id='par_1_14' title="bbox 84 3599 1159 3767">
     <span class='ocr_line' id='line_1_38' title="bbox 84 3599 1159 3680; baseline 0.008 -23"><span class='ocrx_word' id='word_1_249' title='bbox 84 3654 85 3657; x_wconf 74' lang='grc'>,</span> <span class='ocrx_word' id='word_1_250' title='bbox 160 3599 246 3662; x_wconf 88' lang='lat' dir='ltr'><strong>lluno</strong></span> <span class='ocrx_word' id='word_1_251' title='bbox 258 3609 364 3678; x_wconf 86' lang='lat' dir='ltr'><strong>tamen,</strong></span> <span class='ocrx_word' id='word_1_252' title='bbox 377 3601 449 3661; x_wconf 94' lang='lat' dir='ltr'><strong>orba</strong></span> <span class='ocrx_word' id='word_1_253' title='bbox 461 3619 579 3680; x_wconf 86' lang='lat' dir='ltr'><strong>parens,</strong></span> <span class='ocrx_word' id='word_1_254' title='bbox 592 3605 710 3678; x_wconf 89' lang='lat' dir='ltr'><strong>crinem,</strong></span> <span class='ocrx_word' id='word_1_255' title='bbox 720 3637 762 3646; x_wconf 83' lang='lat'><em>-</em></span> <span class='ocrx_word' id='word_1_256' title='bbox 772 3604 933 3680; x_wconf 87' lang='lat' dir='ltr'><strong>dextraque</strong></span> <span class='ocrx_word' id='word_1_257' title='bbox 941 3600 1096 3662; x_wconf 88' lang='lat' dir='ltr'><strong>secandum</strong></span> <span class='ocrx_word' id='word_1_258' title='bbox 1106 3610 1159 3666; x_wconf 85' lang='lat'><strong>900</strong></span> 
     </span>
     <span class='ocr_line' id='line_1_39' title="bbox 161 3684 1044 3767; baseline 0.001 -22"><span class='ocrx_word' id='word_1_259' title='bbox 161 3684 315 3764; x_wconf 89' lang='lat' dir='ltr'><strong>Praebuit,</strong></span> <span class='ocrx_word' id='word_1_260' title='bbox 338 3721 380 3732; x_wconf 92' lang='lat'><em>-</em></span> <span class='ocrx_word' id='word_1_261' title='bbox 400 3686 476 3747; x_wconf 93' lang='lat' dir='ltr'><strong>bunc</strong></span> <span class='ocrx_word' id='word_1_262' title='bbox 497 3694 560 3746; x_wconf 90' lang='lat' dir='ltr'><strong>toto</strong></span> <span class='ocrx_word' id='word_1_263' title='bbox 582 3689 681 3766; x_wconf 87' lang='lat' dir='ltr'><strong>capies</strong></span> <span class='ocrx_word' id='word_1_264' title='bbox 701 3704 756 3767; x_wconf 94' lang='lat' dir='ltr'><strong>pro</strong></span> <span class='ocrx_word' id='word_1_265' title='bbox 779 3703 905 3766; x_wconf 89' lang='lat' dir='ltr'><strong>corpore</strong></span> <span class='ocrx_word' id='word_1_266' title='bbox 925 3689 1044 3762; x_wconf 89' lang='lat' dir='ltr'><strong>crinem,</strong></span> 
     </span>
    </p>
   </div>
   <div class='ocr_carea' id='block_1_5' title="bbox 0 0 1429 4300">
    <p class='ocr_par' dir='ltr' id='par_1_15' title="bbox 0 0 1429 4300">
     <span class='ocr_line' id='line_1_40' title="bbox 0 0 1429 4300; baseline 0 0"><span class='ocrx_word' id='word_1_267' title='bbox 0 0 1429 4300; x_wconf 95' lang='lat' dir='ltr'><strong> </strong></span> 
     </span>
    </p>
   </div>
  </div>
 </body>
</html>
