2842 4300
248 320 308 383 200
583 334 616 381 a.
635 332 769 383 aarum
791 330 910 381 arnrrr

248 488 325 549 Orba
345 486 469 555 eohors;
492 486 634 566 praebent
655 488 755 551 obnixi
773 496 897 568 psotora
917 486 1010 563 ferro,

246 574 326 635 ldem
346 572 433 633 ardor
453 570 562 635 rabidis
582 582 732 635 externum
751 574 867 635 lumrire
883 588 1018 633 ornarem

248 658 294 718 Ae
315 657 425 717 fudisse
447 676 544 733 suum,
566 676 623 719 aee
646 677 682 719 se
702 659 829 735 vestigia
848 665 970 719 mutant.

248 744 312 803 Stat
332 758 426 802 onneo
448 742 661 819 dalmantiae,
682 742 818 823 hostique
839 750 962 802 eruento

247 826 323 888 liant
341 828 465 903 animas,
488 836 518 887 et
539 836 623 905 terga
646 838 770 905 negant,
793 845 880 905 quum
898 826 985 905 lapsa
1004 842 1060 905 per
1081 842 1176 885 anras

246 911 366 971 Vertioe
387 910 506 971 Dircaei
527 912 617 973 velox
634 912 755 973 Latonia
774 913 879 973 montis

247 996 377 1063 Adstitit;
400 1005 561 1073 agnoseunt
583 996 693 1073 eolles,
714 1006 870 1076 notamque
891 994 1032 1055 tremiscit
1208 1004 1267 1061 ew

248 1080 328 1141 Silva
350 1080 448 1157 deam,
471 1083 568 1141 saeris
589 1081 638 1143 nur
660 1081 806 1161 quondam
825 1088 930 1141 exerte
947 1078 1062 1156 sagittis

247 1164 432 1227 Foeeundam
448 1164 528 1225 lasso
550 1164 667 1227 Nioben
688 1174 911 1245 consumpserat
932 1181 1011 1225 arou.

224 1304 232 1314 ,
314 1248 396 1309 Illum
415 1250 496 1311 aoies
514 1252 590 1311 inter
608 1251 719 1313 madias
739 1252 796 1312 ianr
818 1250 912 1311 oaede
933 1246 1091 1326 superbam

246 1333 371 1395 Nereius
392 1331 535 1395 armorum
556 1344 587 1395 et
607 1334 716 1415 primas
737 1345 806 1397 tuno
825 1352 931 1414 pessus
952 1331 1084 1396 lutum

247 1419 378 1479 Venator
398 1418 531 1497 raptabat
548 1438 657 1499 equus,
681 1438 769 1500 quem
789 1419 920 1481 diseolor
941 1416 1030 1479 ambit
1204 1427 1261 1485 686

248 1503 345 1581 Tigris
367 1512 397 1563 et
418 1505 525 1565 auratis
547 1504 724 1565 adverberat
743 1504 890 1583 unguibus
911 1519 1019 1564 manu.

249 1586 335 1649 Colla
355 1588 459 1649 sedent
480 1588 563 1651 nodis
586 1598 616 1649 et
637 1591 781 1668 oastigata
797 1588 927 1649 inltaram
987 1609 991 1616 ¹

247 1672 399 1749 Libertas,
422 1674 607 1752 nemorisque
626 1683 715 1737 notae
735 1674 790 1735 sule
807 1680 931 1753 pertore
953 1671 1045 1751 primo

247 1757 393 1818 laetantur
413 1758 501 1819 niveo
523 1757 619 1821 lunata
643 1759 762 1820 monilia
780 1758 877 1820 dante.

247 1840 316 1921 lp'se
340 1842 384 1901 bis
406 1841 529 1905 Oebalio
550 1852 706 1905 saturatam
727 1844 837 1907 murino
858 1840 969 1921 pallam
1202 1851 1258 1908 eao

247 1925 451 2007 Luoenteeque
469 1946 540 1991 auro
563 1930 674 1990 tuaieas
695 1960 739 1977 -·
754 1928 813 1989 lroe
834 1934 956 1987 neveram
976 1940 1064 1988 unum

246 2008 340 2071 Mater
362 2028 436 2091 opus
458 2048 500 2057 —
521 2015 600 2073 tenui
620 2013 767 2075 oolleetua
787 2014 817 2074 in
837 2012 887 2073 ilia
906 2010 1006 2072 vinclo

248 2093 422 2177 Cornipedis
446 2098 531 2160 luero
555 2098 682 2178 clipeum
702 2098 861 2163 demirerat
882 2112 974 2172 armo,

246 2180 326 2241 Ense
349 2184 446 2259 gravis
468 2185 572 2252 nimio;
596 2185 683 2244 tereti
704 2185 784 2244 iuvat
804 2200 894 2244 turea
914 2198 1012 2243 morsa

246 2265 350 2326 Fibula
371 2267 533 2345 pendentes
556 2269 665 2328 elreum
686 2268 779 2330 latera
801 2284 908 2346 aspera
930 2266 1057 2333 dinatum

247 2350 437 2430 Vaginaeque
455 2369 558 2412 sonum
576 2352 787 2430 tremulumque
805 2350 906 2413 audire
925 2348 1081 2429 pharetrae

247 2433 454 2495 Marmarata
477 2453 552 2502 cono
573 2437 676 2497 missas
695 2439 726 2498 in
744 2445 830 2513 terga
852 2444 982 2510 amenas,

246 2517 390 2580 Interdum
412 2521 517 2581 oristas
538 2519 638 2580 hilaris
659 2521 768 2582 iaetars
791 2528 952 2596 comantes,

246 2601 285 2663 Et
304 2605 411 2682 piatum
432 2606 553 2682 gemmis
574 2605 679 2683 galeae
700 2605 797 2674 iultar;
820 2614 866 2666 ast
887 2603 935 2665 ulii
956 2617 1054 2682 papus

248 2685 346 2749 Gensis
366 2688 469 2750 anhele
490 2690 583 2766 ualet,
606 2691 738 2752 resoluto
759 2691 874 2751 verdae
893 2688 989 2750 nudas

247 2771 400 2843 Exoritur;
423 2783 491 2834 tune
513 2775 600 2836 duloe
624 2792 730 2836 nomae
751 2775 900 2854 radiisque
921 2773 1061 2835 minantes

247 2856 341 2918 Duloe
363 2859 454 2918 nitent
475 2861 556 2920 visus
576 2867 622 2935 et,
646 2877 720 2938 quaa
741 2859 822 2921 dolet
842 2861 908 2938 ipse
926 2857 1045 2932 morari,

245 2939 379 3004 Nondum
399 2951 525 3004 mutatae
545 2960 635 3004 rosea
654 2945 790 3022 lanugine
810 2943 915 3004 malae.

200 3022 202 3027 ’
245 3023 310 3086 Nee
332 3025 444 3088 formae
466 3026 521 3086 sibi
541 3027 628 3090 laude
648 3028 747 3108 planet
767 3029 944 3106 multumque
966 3026 1082 3088 severis

246 3109 375 3189 Asperat
397 3113 567 3188 oraminis,
597 3112 650 3174 sed
669 3113 774 3176 frontis
796 3122 895 3174 servat
914 3112 1057 3173 honorem

245 3191 291 3254 lra
314 3193 442 3264 deoens;
463 3196 512 3256 dat
533 3206 639 3274 sponte
660 3197 758 3260 lorum
777 3197 915 3260 Tlreltsns
934 3198 1079 3273 iuventus,

245 3275 384 3339 Natorum
404 3297 565 3356 memores,
585 3283 753 3362 intentaque
774 3283 835 3344 tela
854 3290 1038 3361 retorquent,

246 3362 306 3426 Sed
327 3365 433 3442 premit
458 3374 488 3426 et
508 3383 614 3427 aeeras
635 3367 839 3431 miserantibus
858 3368 967 3444 ingerit
986 3367 1095 3428 hastas.

245 3447 328 3509 lllum
346 3456 376 3508 et
398 3448 535 3511 Sidoniae
557 3451 624 3528 iuga
642 3469 698 3530 per
720 3451 893 3512 Tlreunresia
914 3450 1059 3530 nymphae

244 3531 405 3594 Bellantem
425 3543 513 3614 atquo
535 3535 601 3614 ipso
624 3536 732 3598 sudore
753 3545 784 3596 et
798 3535 924 3614 pulvere
942 3543 1057 3615 gratnm

243 3615 385 3699 Laudant,
404 3627 435 3681 et
456 3618 545 3681 taeito
565 3619 672 3682 dueuut
690 3621 816 3700 suspiria
831 3629 913 3682 voto.
