2842 4300
520 371 722 421 Tllmsshlnos
744 373 815 419 LIB.
834 370 897 417 XII.

205 530 265 589 Aut
286 528 394 589 Danais
416 528 500 591 edice
522 545 613 605 rogos
635 536 683 589 aut
706 526 821 606 proelia
843 526 974 587 Thebis!

270 615 320 673 Sic
342 614 380 673 ait
402 613 509 673 oblitus
532 613 662 693 bellique
683 615 808 690 viaeque
830 611 973 686 laborum,

206 699 402 776 Hortaturque
423 716 493 759 suos
514 700 653 777 viresque
675 700 814 757 instaurat
833 696 964 757 anhelas.
1159 704 1212 759 000

208 783 246 843 111
265 782 352 842 modo
372 783 503 843 conubiis
526 794 640 858 taurus,
663 783 798 860 saltuque
818 790 953 860 recepto,

209 867 302 943 Quum
324 870 421 945 posuit
443 887 571 947 pugnae,
595 868 652 929 alio
677 870 702 927 si
723 867 800 927 forte
819 867 944 943 remugit

208 952 358 1013 Bellatore
381 972 498 1028 nemus,
522 972 693 1033 quamquam
716 970 769 1012 ora
791 960 821 1011 ct
843 950 920 1011 colla
944 960 1064 1011 cruento

207 1037 304 1097 lmbre
325 1038 455 1113 madent,
483 1056 575 1099 novus
595 1056 673 1099 arma
699 1045 783 1115 parat
805 1054 995 1115 campumque
1017 1035 1169 1096 lacessens

208 1122 377 1182 Dissimulet
397 1124 521 1201 gemitus
545 1132 581 1191 et,
598 1122 720 1183 vulnera
740 1120 862 1201 pulvere
885 1120 972 1181 celat.
1160 1130 1212 1208 005

208 1207 276 1286 lpsa
296 1216 390 1268 metus
410 1207 537 1283 Libycos
554 1208 803 1285 servatricemque
824 1204 977 1267 Medusam

208 1292 342 1352 Pectoris
361 1293 476 1353 incussa
496 1294 585 1353 movit
606 1292 734 1353 Tritonia
754 1308 863 1369 parma.

209 1375 343 1437 Protinus
365 1380 456 1441 erecti
477 1386 539 1439 toto
559 1376 644 1437 simul
666 1376 780 1454 agmine
799 1374 916 1436 Thebas

209 1461 384 1539 Respexcre
403 1481 530 1537 angues;
554 1462 677 1523 necdum
695 1462 811 1521 Atticus
832 1462 877 1519 ire
897 1459 1017 1539 parabat
1124 1462 1127 1467 ’

210 1546 312 1621 Miles,
338 1556 368 1605 et
390 1542 495 1607 infelix
513 1549 629 1626 expavit
649 1546 775 1605 classica
794 1545 893 1607 Dirce.
1163 1554 1215 1610 010

276 1629 418 1691 Continuo
441 1634 470 1691 in
494 1650 606 1711 pugnas
625 1630 700 1691 haud
723 1630 965 1691 solum-aceensa
984 1629 1129 1704 iuventus,

212 1715 268 1789 Qui
288 1716 374 1775 modo
396 1714 538 1777 Caucasei
561 1718 683 1777 comites
705 1715 822 1775 rediere
841 1713 991 1791 triumphi;

213 1798 311 1860 Omnis
334 1801 370 1860 ad
392 1818 470 1859 arnna
492 1801 579 1861 rudes
602 1818 675 1879 ager
695 1800 873 1859 extimulavit
894 1799 1035 1857 alumnos.
1075 1803 1077 1806 ’

213 1883 395 1945 Conveniunt
417 1886 553 1963 ultroque
574 1886 656 1945 ducis
676 1884 785 1945 vexilla
806 1891 974 1960 sequuntur3

213 1969 270 2042 Qui
288 1970 417 2047 gelidum
436 1970 583 2030 Braurona
605 1970 676 2044 viri,
699 1970 748 2047 qui
769 1986 836 2027 rura
857 1968 1005 2027 lacessunt
1164 1978 1216 2033 615

213 2054 358 2115 Munichia
377 2064 406 2114 01
424 2054 546 2132 trepidis
566 2053 700 2114 stabilem
722 2054 854 2128 Pyraeea
873 2052 967 2111 nautis

213 2138 251 2199 Et
272 2140 396 2200 nondum
413 2137 479 2200 Eoo
498 2139 607 2200 clarum
625 2138 795 2200 Marathona
815 2134 970 2216 triumpho.

213 2223 300 2284 Mittit
323 2226 352 2282 in
374 2242 457 2284 erma·
473 2243 573 2284 manus
597 2224 761 2302 genialibus
783 2223 900 2299 hospita
918 2222 991 2281 divis

214 2309 300 2369 lcarii
321 2307 464 2388 Celeique
484 2309 601 2384 domus,
624 2307 792 2387 viridesque
809 2305 962 2366 Melaenae

216 2393 307 2454 Dives
328 2403 358 2452 01
375 2391 506 2470 Egaleos
525 2412 674 2454 nemorum
695 2393 863 2471 Parnesque
881 2390 1032 2466 benignus·

216 2478 331 2538 vitibus
354 2488 383 2537 et
404 2480 502 2556 pingui
524 2479 628 2538 melior
645 2477 832 2552 Lycabessos
851 2476 938 2536 oliva.
1094 2470 1098 2476 ’

216 2563 304 2623 Venit
326 2572 410 2622 atrox
428 2562 507 2623 lleus
526 2573 556 2623 et
576 2563 682 2622 olentis
701 2571 799 2622 arator
814 2559 952 2636 Hymetti,

219 2647 360 2726 Quaeque
379 2647 467 2708 rudes
487 2648 605 2723 thyrsos
623 2647 742 2708 hederis
764 2648 912 2719 vestistis,
934 2645 1097 2705 Acharnae.

217 2732 366 2810 Linquitur
386 2731 458 2793 Eois
476 2733 566 2809 longe
587 2731 772 2812 speculabile
793 2733 889 2810 proris

220 2819 343 2891 Sunion,
367 2817 442 2877 unde
463 2820 531 2894 vagi
554 2836 686 2878 casurum
708 2817 736 2875 in
758 2819 872 2876 nomina
894 2816 975 2893 ponti

220 2901 339 2962 Cressia
361 2901 479 2981 decepit
499 2902 576 2962 falso
597 2904 666 2962 retis
687 2901 791 2981 Aegea
809 2901 887 2960 velo.

219 2987 281 3046 llos
302 2986 424 3048 Salamis
445 2987 591 3065 populos,
615 2987 683 3046 illos
703 2985 837 3046 Cerealis
856 2984 978 3046 Eleusin

220 3071 344 3132 Horrida
363 3074 514 3148 suspensis
533 3071 570 3132 ad
590 3073 703 3150 proelia
721 3073 798 3130 misit
817 3072 931 3144 aratris,

220 3157 258 3216 111
277 3173 351 3234 quos
371 3155 519 3218 Callirhoe
542 3159 644 3216 novies
663 3156 826 3216 errantibus
848 3155 932 3216 undis

221 3241 360 3320 lnplicat‚
384 3251 414 3301 01
431 3251 532 3320 raptae
551 3243 599 3320 qui
620 3243 755 3302 conscius
774 3239 912 3316 Orythiae

223 3324 337 3385 Celavit
355 3325 482 3407 Geticos¹
496 3328 567 3406 ripis
587 3326 689 3386 Ilissos
710 3343 836 3386 amores.

221 3410 290 3490 lpse
309 3427 427 3489 quoque
447 3411 476 3468 in
497 3429 609 3490 pugnas
628 3420 767 3471 vacuatur
785 3411 888 3486 collis,
912 3410 1080 3488 ablingens

222 3495 270 3554 bis
289 3513 445 3573 superum,
467 3496 561 3556 dubiis
583 3497 677 3556 donec
696 3513 773 3556 noua
792 3505 928 3573 surgeret
946 3496 1034 3556 arbor

222 3579 354 3658 Rupibus
375 3589 404 3640 01
424 3579 512 3658 longa
535 3581 667 3658 refugum
688 3599 768 3641 mare
786 3580 935 3658 frangeret
952 3581 1061 3642 umbra.

222 3665 300 3726 lsset
318 3675 348 3726 01
369 3663 495 3726 Arctoas
514 3663 640 3728 Cadmea
658 3665 695 3727 ad
711 3668 827 3728 moenia
846 3666 955 3728 ducens
