2842 4300
200 379 206 391 ·
271 366 330 431 tis
430 410 434 420 .
601 380 635 431 r.
655 380 791 432 naemu
810 380 931 433 eruum

155 612 159 623 Ι
267 536 336 617 lpse
355 536 429 604 suls:
450 534 546 599 leonio
566 536 725 617 lungun
744 540 902 620 iratoque
923 540 1082 621 superbum

266 620 393 698 Phylea,
416 620 524 683 falesto
544 620 681 683 Chromin
701 634 733 685 et
749 622 944 687 (lremetooor
963 644 1051 687 onem

267 704 404 766 Cominus
425 706 501 767 buno
522 717 645 769 marmur
665 710 763 785 metit,
786 710 864 771 huno
882 728 900 771 a
917 712 1032 791 poplite
1053 720 1178 788 sestam,

267 789 394 871 Cuspide
415 790 540 853 demissa
562 790 698 853 Chromin
713 792 924 875 Iphinoumque
940 798 1097 875 Sagenque

265 875 470 955 lntousumque
491 874 571 953 (lyon
595 896 770 957 suorumque
789 878 921 956 Lycorea
942 879 1062 943 Phoebo
1215 892 1268 948 tlt

265 960 388 1029 Invitum
408 963 463 1021 iam
484 960 644 1022 buxinenm
665 962 812 1024 dimiserat
830 964 934 1024 limae

265 1044 381 1122 Robur,
405 1054 435 1107 et
456 1048 588 1106 excussis
611 1049 746 1126 apparuit
764 1049 855 1109 inlula
876 1050 988 1117 cristis;

265 1130 437 1191 Alcathoum
459 1148 547 1208 saxo,
569 1132 615 1191 eui
636 1133 747 1192 eireum
767 1143 868 1211 mgna
890 1132 1006 1209 Carysti

264 1214 303 1275 Et
320 1215 421 1276 domus
442 1224 473 1275 et
495 1217 600 1277 eonion
621 1226 650 1277 et
670 1227 799 1278 amantes
823 1219 908 1279 litora
925 1219 995 1279 nati.
1123 1258 1125 1262 -
1343 1279 1344 1292 q

264 1299 386 1361 Vixerat
406 1299 457 1361 ille
478 1300 526 1361 dir
548 1318 662 1381 pauper
681 1310 827 1363 temtator
848 1320 997 1382 aquarum,
1213 1311 1266 1365 tw

265 1384 391 1465 Derepit
410 1384 516 1462 tellus,
538 1390 665 1446 moriens
686 1386 858 1466 hiemesque
875 1386 1028 1467 Notosque

263 1469 372 1530 Laudat
396 1479 426 1529 et
447 1472 561 1549 experti
582 1470 703 1531 meliora
725 1472 856 1551 pericula
879 1474 972 1551 ponti.

327 1552 461 1632 Adspicit
482 1556 535 1616 has
558 1556 648 1633 longe
666 1556 829 1617 iamdudum
846 1556 977 1637 Asopius
996 1554 1135 1636 Hypseus

263 1638 410 1699 Palantum
428 1647 542 1717 strages
564 1640 705 1719 ardetque
726 1650 862 1701 avertere
883 1658 1019 1720 pugnam,

264 1721 442 1801 Quamquam
463 1722 538 1785 haud
558 1726 623 1803 ipse
645 1727 737 1783 minus
760 1742 847 1785 oumu
868 1726 1017 1803 Tirynthia
1037 1725 1131 1787 fundit
1212 1735 1262 1792 tat
1343 1729 1344 1756 ³

263 1806 399 1883 Robora,
422 1808 476 1869 sed
493 1810 559 1868 uiso
579 1826 721 1889 praeseus
743 1812 837 1870 minor
858 1829 969 1889 augure
991 1812 1119 1888 sanguis.
1343 1813 1344 1828 ¹

263 1891 346 1952 Illum
367 1894 453 1953 armis
475 1893 633 1975 animisque
656 1896 751 1973 eupit,
772 1895 949 1973 prohibebat
968 1897 1067 1974 iniquo
1343 1953 1344 1966 ,

263 1977 386 2055 Agmine
409 1987 574 2039 consertum
598 1981 683 2039 cunei
705 1980 796 2049 latus;
816 1980 883 2041 inde
901 1980 1046 2061 superbus
1336 1971 1345 2082 p

263 2060 384 2122 Exernit
401 2064 500 2141 patriis
521 2064 645 2124 eleotum
665 2064 778 2123 missile
799 2066 881 2144 ripis.

263 2146 308 2206 Ao
329 2147 422 2226 prius:
443 2146 604 2210 ‘Aonidum
628 2149 711 2210 dives
732 2148 853 2227 largitor
873 2167 1022 2230 aquaram,
1207 2159 1259 2216 tao

266 2229 352 2292 Clare
374 2231 522 2310 Giganteis
545 2236 715 2310 etiamtum,
735 2233 855 2314 Asopo,
874 2235 993 2311 favillis,

261 2315 307 2378 Da
327 2335 431 2377 numen
452 2318 589 2379 dextrae:
612 2329 699 2396 rogat
719 2319 779 2379 hoe
796 2329 940 2398 natusque
960 2321 1061 2398 tuique

262 2399 396 2476 Quercus
417 2401 529 2463 alomna
551 2401 634 2471 vadi;
657 2403 702 2464 las
725 2412 823 2464 etms
844 2421 988 2484 spernere
1006 2404 1167 2481 Phoebum,

263 2487 294 2545 Si
316 2486 367 2546 tibi
389 2486 512 2547 collatus
534 2485 629 2546 divom
651 2497 746 2556 satem
767 2490 863 2548 omnia
883 2507 1012 2566 mergam

261 2568 400 2631 Fontibus
421 2589 499 2632 arma
517 2573 575 2632 tuis
595 2571 755 2650 tristesque
775 2573 838 2632 sine
860 2591 971 2651 augme
990 2576 1101 2634 vittas?
1208 2580 1259 2639 777

324 2655 463 2717 Audierat
480 2657 604 2734 genitor.
644 2655 733 2716 Vetat
753 2656 907 2735 indulgere
925 2658 1075 2719 uolentem

260 2737 414 2818 Phoebus,
437 2751 466 2801 et
486 2743 613 2819 aurigam
633 2741 758 2801 iaculum
779 2741 936 2822 detorquet
955 2745 986 2802 in
1006 2741 1130 2805 Hersen

260 2823 315 2886 llle
336 2826 401 2886 ruit.
442 2824 523 2885 lleus
545 2827 611 2904 ipse
632 2827 720 2904 vagis
738 2827 871 2890 suodedit
889 2827 1025 2904 babonis,

260 2909 421 2970 Lernaeum
440 2909 516 2972 falso
537 2910 673 2970 simulans
695 2910 885 2990 llaliagmora
905 2912 997 2972 nim.

262 2993 342 3054 'luno
363 3011 436 3054 vero
459 2993 569 3054 ardenti
590 3011 649 3054 non
669 2995 730 3058 ullo
752 2996 898 3057 obsistere
918 3005 1060 3076 temptant
1210 3008 1261 3063 ild

261 3079 366 3156 Signa,
389 3087 474 3139 ruunt
491 3079 556 3140 solo
578 3088 709 3158 terrore,
733 3090 763 3141 et
783 3081 903 3142 mirera
923 3083 995 3142 eitra

260 3161 339 3223 blors
361 3162 483 3243 trepidis
504 3165 724 3247 ignoraverit,
747 3166 921 3245 dubiumque
940 3170 1032 3228 tuenti

259 3245 404 3308 Presserit
421 3249 552 3309 insessos
573 3266 662 3328 onus,
686 3251 860 3330 impuleritne
884 3251 1007 3328 iugales.

260 3333 310 3393 Sio
330 3331 379 3392 ubi
403 3331 564 3394 nubilorum
584 3337 688 3395 montis
709 3337 785 3396 latus
806 3344 855 3395 aut
873 3351 951 3397 nora
967 3341 1063 3398 ventis
1342 3396 1346 3418 ,

259 3417 354 3480 Solvit
373 3417 481 3494 hiems,
502 3428 551 3479 aut
570 3421 646 3480 vieta
669 3421 725 3480 sim
746 3437 805 3479 nou
823 3421 941 3498 pertulit
962 3432 1058 3490 aetam
1204 3431 1256 3488 tit

260 3501 365 3563 Desilit
387 3501 549 3564 horrendus
568 3521 669 3584 eampo
688 3505 790 3580 timor,
813 3523 882 3566 arva
901 3508 1041 3586 virosque

259 3586 358 3648 limite
377 3605 435 3648 non
455 3605 513 3648 uno
534 3588 737 3668 longaevaque
758 3588 867 3651 robora
885 3609 986 3652 seeum

258 3669 473 3754 Praecipitant,
495 3673 667 3752 tandemque
690 3673 848 3736 emanans
867 3675 983 3738 turbine
1001 3674 1083 3736 iesso
1117 3720 1121 3730 .
