2842 4300
246 308 307 371 250
596 322 909 373 neumarum

305 480 423 541 Horruit
444 479 579 541 instinctu
599 478 720 556 rabido,
742 488 946 559 steteruntque
966 487 1129 542 trementes

244 566 305 627 Ceu
328 568 391 625 uisu
414 575 570 644 praesente
591 582 704 643 qeuae,
724 566 894 643 seniumque
916 568 1052 626 recessit.

244 651 325 711 Tunc
347 659 441 710 natam
462 650 655 729 baculumque
676 666 762 710 mauu
783 649 907 727 dimisit,
928 659 959 709 et
974 651 1037 711 irae
1197 654 1249 713 ott
1305 677 1320 732 ·3

243 736 360 813 Innixus
378 736 485 797 tumido
506 751 611 795 vocem
632 734 669 795 de
688 744 815 813 pectore
834 735 956 814 rumpit:

306 820 420 881 ‘lamae
438 828 524 881 vacat
546 820 677 896 saevire,
702 815 823 879 Greou?
840 820 929 880 modo
950 817 1064 898 perlida
1084 834 1184 895 regua
1306 867 1310 876 .

242 904 447 984 Fortunaeque
469 904 565 964 locum
585 914 722 981 nostrae,
740 904 923 980 miserande,
945 902 1059 978 subisti,
1319 961 1320 980 ,

242 990 282 1051 Et
301 990 353 1049 tibi
375 989 496 1050 lamias
519 998 565 1049 est
585 1006 689 1066 regum
710 988 830 1049 calcare
841 984 968 1049 suiuus?
1318 1017 1320 1080 p

243 1074 303 1135 lam
322 1074 437 1135 tumulis
458 1075 571 1150 victos,
595 1075 694 1135 socios
715 1076 772 1134 iam
792 1072 945 1133 moenibus
966 1069 1076 1133 arces?
1200 1078 1252 1133 080

243 1159 357 1235 Macte,
379 1168 465 1239 potes
487 1158 575 1235 dique
595 1157 760 1219 Thebarum
780 1168 898 1237 sceptra
917 1157 1003 1217 tueri.

242 1244 325 1305 llaec
343 1252 392 1304 tua
411 1245 503 1323 prima
525 1243 598 1303 dies.
621 1242 682 1304 Sed
704 1261 757 1303 cur
776 1260 854 1303 nora
875 1240 1025 1303 contrahis
1045 1258 1149 1301 amens

243 1326 331 1390 lura?
352 1328 421 1407 quid
442 1336 564 1407 anguste
585 1337 682 1389 tantos
703 1329 815 1388 metiris
835 1323 985 1387 bonores?
1167 1330 1170 1336 '

244 1413 370 1475 Exilium
387 1409 531 1473 intendis?
550 1413 648 1473 timida
669 1413 854 1473 inclementia
874 1428 978 1489 regum

244 1498 318 1559 lsta!
341 1498 422 1558 leros
442 1498 543 1558 avidus
564 1499 633 1577 quiu
652 1499 785 1575 protinus
806 1497 902 1556 imbuis
924 1492 1035 1556 enses?
1201 1501 1252 1557 685

246 1580 361 1658 Crede,
382 1582 469 1657 licet,
490 1584 587 1642 veniat
610 1582 732 1661 cupidus
754 1599 861 1660 parere
879 1580 1002 1641 satelles
1027 1657 1029 1660 Ι

245 1666 470 1747 intrepidusque
491 1676 576 1727 secet
595 1682 654 1726 nou
676 1668 813 1727 evitantia
835 1665 924 1726 colla.

244 1751 362 1831 Incipe!
385 1770 421 1812 an
441 1760 601 1830 expectas,
623 1760 655 1811 ut
675 1768 786 1831 pronos
805 1750 940 1830 supplice
959 1749 1063 1810 dextra

246 1839 366 1899 Sternar
388 1846 418 1897 et
438 1836 545 1897 inmitis
562 1836 669 1897 domiai
684 1836 811 1914 vestigia
829 1830 988 1913 quaeram?

246 1921 338 1999 Finge
361 1928 457 1981 autem
475 1930 635 2000 temptare,
655 1917 754 1981 sines?
774 1920 881 1980 mihine
904 1919 965 1981 ulla
987 1917 1105 1977 minaris
1201 1924 1253 1980 000

245 2006 396 2085 Supplicia
417 2015 466 2066 aut
487 2005 565 2067 ullos
583 2006 658 2066 reris
681 2022 840 2085 superesse
861 1999 1004 2065 timores?

245 2091 388 2170 Linquere
409 2099 487 2152 tecta
509 2088 612 2152 iubes?
635 2089 751 2152 coelum
770 2099 925 2168 terrasque
944 2086 1051 2166 reliqui
1315 2060 1321 2215 p

246 2179 376 2256 Sponte,
399 2186 486 2255 atque
508 2176 641 2236 ultricem
663 2174 791 2236 crudelis
813 2177 841 2234 iu
864 2191 916 2235 ora
935 2173 1043 2233 retorsi

244 2261 311 2321 Non
329 2261 390 2321 ullo
411 2271 536 2339 cogente
557 2277 680 2322 manum.
720 2257 795 2333 Quid
816 2259 877 2319 tale
893 2257 1007 2333 iubere,

245 2345 313 2406 Rex
333 2347 463 2423 inimice,
484 2344 593 2425 potes?
612 2346 693 2422 logio
714 2343 889 2422 excedoque
909 2341 1042 2402 nefandis
1201 2351 1251 2407 695

246 2430 389 2500 Sedibus;
411 2449 447 2490 an
470 2431 578 2506 refert,
603 2445 660 2508 quo
682 2429 785 2488 lunera
805 2428 894 2506 longa
914 2443 1054 2505 measque

247 2515 454 2594 Transportem
474 2511 631 2575 tenebras?
654 2531 690 2573 ue
713 2530 772 2571 non
792 2531 867 2590 gens
887 2520 991 2571 cuncta
1010 2513 1146 2590 precanti

246 2597 413 2676 Concedat,
437 2599 549 2678 patriae
571 2607 706 2678 quantum
727 2598 818 2658 miser
838 2596 945 2657 incubo
968 2593 1088 2656 terrae?

246 2684 306 2744 Sed
326 2683 428 2745 dulces
451 2683 588 2744 Thebae!
611 2684 742 2742 nimirum
760 2683 809 2742 bic
829 2682 938 2742 clarior
958 2690 1051 2756 onus,

244 2767 283 2828 lit
304 2769 424 2829 meliora
443 2785 526 2828 moos
553 2768 737 2846 permulcent
757 2768 855 2827 sidera
873 2766 980 2826 vultus.
1201 2772 1251 2828 700

157 2851 159 2855 ’
244 2852 298 2913 Hic
321 2854 455 2932 genetrix
477 2854 608 2930 natique:
632 2851 743 2912 babeas
765 2850 905 2912 Thebana
925 2865 1074 2928 regasque

244 2937 378 3014 Moenia,
402 2955 459 3018 quo
482 2935 622 3013 Cadmus,
646 2953 704 3016 quo
725 2935 811 2996 Laius
831 2938 927 2996 omine
944 2935 1021 2994 rexit

245 3021 370 3102 Quoque
393 3039 465 3099 ego;
487 3023 529 3080 sic
548 3019 707 3096 thalamos,
731 3022 775 3080 sic
793 3022 916 3100 pignora
938 3019 995 3079 lida
1018 3034 1172 3096 capessas,

243 3105 308 3167 Nec
330 3106 382 3167 tibi
404 3107 440 3166 sit
462 3106 552 3165 virtus
573 3105 718 3165 iortuuam
739 3106 867 3166 eradere
888 3105 1005 3171 dextra3

245 3192 305 3252 Sed
327 3191 422 3253 lucem
442 3191 604 3269 deprensus
626 3206 723 3250 ames·
758 3190 835 3250 Satis
857 3190 951 3250 omina
972 3187 1066 3262 sanxi,
1200 3196 1251 3252 tce
1317 3182 1318 3257 l

245 3275 327 3353 Duc,
352 3293 425 3353 age,
444 3283 510 3336 nata
532 3275 650 3354 procul;
675 3274 744 3352 quid
765 3283 796 3334 te
813 3283 908 3334 autem
931 3271 1057 3334 luctibus
1079 3269 1182 3332 addo?
1313 3304 1319 3358 3

244 3361 304 3436 Da,
328 3379 381 3420 rex
399 3375 521 3437 magne,
543 3359 667 3419 ducem!
712 3358 817 3419 Timuit
830 3357 998 3419 miseranda
1019 3356 1144 3436 relinqui

245 3447 391 3522 Antigone
412 3452 558 3522 mutatque
577 3461 702 3521 preces:
723 3443 854 3504 ‘Felicia
872 3461 928 3521 per
948 3452 979 3502 te

245 3530 363 3607 Regna,
384 3527 514 3587 verende
536 3526 650 3602 Creon,
674 3537 849 3604 sanctasque
871 3526 1052 3592 Menoeceos
1075 3525 1212 3593 umbras3

245 3613 289 3672 Da
311 3614 424 3673 veniam
444 3611 553 3674 afflicto
575 3613 719 3690 dictisque
740 3613 864 3688 ignosce
881 3611 1027 3692 superbis.
1063 3659 1068 3668 .
1198 3620 1253 3675 710
