2842 4300
245 382 305 445 198
586 393 899 447 munerunrsnscn

243 551 399 614 Maenadas
420 561 507 634 atque
531 552 645 614 hostem
667 554 740 615 dixit
762 555 893 616 saevius
913 552 1049 630 lyaeum.

245 637 320 697 Dum
340 638 430 716 gemit
447 648 477 699 et
498 639 615 718 planctu
633 639 792 700 circumdat
810 648 914 719 pectus
933 640 1022 717 inani,

246 720 402 801 Abrupere
423 723 502 784 ocull
519 732 651 801 noctem,
673 733 848 803 moestoque
869 723 958 783 cubili

245 804 335 867 Exilit
358 816 387 867 et
408 806 500 869 ialsos
522 810 636 889 quaerit
656 827 711 888 per
732 809 837 869 lumina
860 808 955 869 iletus.

307 890 388 969 Ergo
406 901 438 952 ut
455 893 484 951 iu
503 910 585 954 amne
607 894 690 954 ueias
710 910 808 953 merso
824 903 873 953 ter
894 895 975 953 crine
995 894 1086 973 piavit

244 975 402 1055 Verbaque
424 978 566 1039 sollicitas
586 987 707 1038 matrum
728 978 852 1039 solantia
874 993 959 1039 coras

244 1060 377 1137 Addidit,
396 1072 523 1123 armatae
542 1063 599 1123 ruit
620 1064 657 1123 ad
677 1062 799 1124 delubra
820 1060 932 1123 Dianae

245 1144 325 1205 Rore
347 1146 400 1206 suh
425 1146 507 1224 Eoo,
528 1156 674 1227 notasque
696 1166 735 1207 ex
754 1148 856 1208 ordine
878 1148 969 1209 silvas
1195 1158 1250 1214 6θὸ

243 1227 281 1290 Et
302 1248 440 1309 quereum
459 1234 561 1310 gavisa
580 1232 673 1301 videt3
697 1242 766 1292 tnnc
788 1232 886 1292 limine
906 1232 992 1293 divae

245 1314 363 1375 Adstitit
382 1325 412 1376 et
432 1317 484 1377 tali
505 1318 696 1395 nequicquam
717 1334 793 1377 voee
808 1325 965 1396 precatura

305 1400 415 1480 ‘Virgo
437 1410 543 1481 potens
563 1416 729 1479 nemorum,
751 1403 832 1461 caius
853 1416 912 1461 non
932 1400 1031 1463 mollia
1051 1404 1134 1481 signa

245 1484 432 1563 militiamque
454 1494 566 1547 trucem
586 1502 688 1546 sexum
709 1486 856 1564 indignata
879 1485 1037 1566 frequento

246 1570 329 1630 llore
351 1570 420 1630 nihil
443 1569 547 1645 Graio,
569 1588 626 1631 nee
645 1580 676 1631 te
693 1587 768 1648 gens
787 1586 895 1651 aspera
915 1573 972 1631 rita
1194 1585 1251 1641 uro

247 1652 366 1714 Colchis
388 1653 602 1715 Amazoniaeve
621 1658 714 1733 magis
738 1654 859 1716 coluere
881 1665 1034 1724 catervse;

245 1741 276 1799 Si
293 1739 360 1799 mihi
380 1756 438 1798 non
459 1758 592 1819 umquam
611 1740 706 1816 thyasi
725 1740 847 1800 ludusve
868 1750 1026 1819 protervae

244 1822 363 1900 Noctis,
386 1833 415 1884 et
436 1826 529 1885 inviso
552 1827 682 1903 quamvis
703 1834 845 1885 temerata
865 1824 963 1901 cubili,

243 1908 310 1968 Nou
331 1918 426 1970 tamen
448 1920 496 1971 aut
515 1918 626 1970 teretes
646 1910 765 1986 thyrsos
784 1910 951 1971 aut-mollia
971 1912 1053 1988 gessi

246 1994 357 2070 Pensa,
379 1994 431 2055 sed
453 1996 482 2055 in
503 1996 614 2055 tetricis
635 2004 665 2055 et
686 2004 756 2074 post
776 1994 899 2055 conubia
917 1995 1026 2071 lustris,
1195 2009 1250 2064 015

245 2080 295 2138 Sic
317 2096 434 2160 quoque
457 2081 589 2142 venatrix
609 2082 790 2160 animumque
812 2081 930 2159 innupta
948 2082 1073 2140 renasci
1080 2102 1087 2147 ;

243 2163 308 2225 Nec
327 2166 395 2226 mihi
415 2167 539 2226 secretis
561 2165 675 2246 culpam
697 2164 849 2226 occultare
871 2165 926 2224 suh
946 2166 1034 2225 antris

246 2247 341 2326 Gara,
362 2251 416 2310 sed
438 2251 552 2311 ostendi
572 2259 668 2311 natum
689 2252 834 2330 posuique
856 2259 1028 2310 trementem

244 2335 321 2394 Ante
342 2344 409 2394 tuos
431 2336 567 2395 contessa
591 2335 699 2413 pedes;
722 2352 780 2394 nec
798 2335 929 2412 degener
945 2335 999 2394 tlte

244 2420 413 2497 Sanguinis,
435 2421 522 2500 inque
540 2435 622 2479 meos
643 2420 769 2498 reptavit
785 2421 917 2497 protinus
935 2435 1031 2495 arcus,
1196 2431 1252 2488 620

245 2503 318 2564 Tela
339 2522 413 2583 puer
431 2504 557 2564 lacrimis
577 2511 607 2562 et
625 2505 716 2580 prima
735 2519 813 2562 voce
833 2505 981 2583 poposcit.

243 2587 325 2648 llunc
342 2588 466 2649 mihi-
480 2588 547 2668 qnid
561 2589 693 2667 trepidae
707 2597 810 2647 noctes
828 2605 1005 2668 somnusque
1024 2586 1189 2648 minantur?
1204 2624 1251 2638 -
1325 2666 1326 2677 ἵ

244 2671 344 2748 Hunc,
366 2689 490 2753 precor,
513 2673 616 2733 audaci
637 2675 685 2752 qui
707 2689 782 2732 nuuc
802 2672 839 2732 ad
860 2673 973 2752 proelia
988 2680 1059 2732 voto
1127 2690 1131 2698 ·

244 2757 307 2817 Heu
328 2759 441 2818 nimium
463 2758 516 2818 tihi
537 2757 607 2817 hsus
630 2757 707 2834 abit,
732 2758 768 2817 da
790 2758 889 2817 visere
910 2756 982 2817 belli

243 2841 408 2919 Victorem,
429 2843 495 2919 vel,
518 2843 543 2901 si
563 2842 656 2922 ampla
678 2852 768 2921 peto,
790 2841 827 2902 tia
847 2844 945 2902 visere
966 2850 1084 2902 tautum
1192 2853 1250 2908 625

243 2925 297 2987 llic
319 2927 402 2987 sudet
422 2935 529 3006 tuaque
549 2943 628 2988 arma
649 2928 738 2995 ieram
759 2942 877 3004 preme,
898 2926 981 3003 dira,
1003 2926 1145 2988 malorum

244 3012 347 3087 signa
371 3009 439 3090 quid
461 3011 489 3069 in
510 3014 633 3087 nostris,
655 3011 812 3072 nemoralis
833 3011 935 3087 Delia,
958 3011 1040 3071 silvis

243 3093 402 3154 Maenades
424 3094 547 3155 hostiles
566 3093 763 3175 Thebanaque
782 3098 895 3159 numina
914 3093 1057 3174 regnant?

242 3178 297 3238 llei
319 3179 400 3240 mihi!
424 3197 477 3239 cur
498 3180 629 3258 penitus,
652 3213 694 3226 -
716 3183 826 3259 simque
850 3199 943 3258 augur
964 3195 1051 3242 emsa
1070 3182 1175 3244 futuri!
1203 3217 1247 3232 -
1325 3223 1326 3249 r

245 3261 304 3324 Cur
325 3265 440 3343 penitus
461 3281 625 3344 magnoque
648 3267 827 3345 interpretor
849 3267 945 3326 omine
967 3265 1128 3344 quercum?
1190 3278 1249 3332 630

244 3347 330 3422 Quod
352 3351 377 3408 si
397 3367 468 3410 vera
490 3367 582 3429 sopor
598 3351 898 3429 miserae-praesagia
918 3353 1013 3428 mittit,

242 3433 300 3494 Por
318 3443 364 3510 te,
384 3443 548 3510 maternos,
567 3434 643 3493 mitis
665 3433 824 3511 Dictynna,
845 3432 964 3495 labores

244 3517 472 3596 Fraternumque
493 3518 599 3594 decus,
621 3520 705 3578 iustis
727 3519 803 3578 hunc
825 3519 883 3596 lige
900 3521 1014 3597 sagittis

241 3603 391 3664 lnielioem
415 3611 542 3669 uterum:
564 3605 688 3663 miserae
706 3605 770 3662 sine
792 3603 894 3663 funera
915 3605 1015 3665 mattis

241 3686 345 3748 Audiat
368 3687 419 3748 ille
441 3687 543 3766 prior?
584 3687 682 3764 Dixit,
705 3687 833 3766 iletuque
856 3688 953 3749 soluto
1189 3700 1247 3756 ooo
