2842 4300
251 341 313 405 216
582 356 622 405 a.
641 356 776 405 aarum
795 356 913 405 arnan

249 510 399 589 diffugisse
420 528 539 586 necem,
562 511 591 571 ni
611 526 689 590 qnos
706 512 848 573 deformis
866 514 897 573 in
917 512 978 572 alto
1016 514 1020 519 '

251 597 397 673 Sanguine
419 596 584 674 degeneres
605 598 737 659 occultat
755 600 828 666 uita;
849 598 987 658 secundis

250 679 330 740 Pone
349 680 480 742 modum:
506 690 572 741 snut
595 691 625 741 st
645 682 716 742 diris
733 701 787 742 sna
804 685 920 743 marina
938 679 1060 743 Thebis.

250 763 384 825 Forsitan
404 774 434 825 et
454 765 540 826 nobis
560 765 647 827 modo
670 785 746 845 quae
768 767 886 840 lasere,
907 766 1071 827 recedunt?
1205 774 1262 829 666
1330 783 1333 850 l

313 848 425 927 Paruit,
455 860 485 910 et
505 852 635 912 madidas
652 852 762 911 tollens
780 851 937 913 adsidere
955 850 1084 929 palmas:

251 932 404 1012 ratosne,
426 934 479 995 tibi
500 937 620 995 exuuias
641 945 820 997 monstratae
840 938 969 1014 praemia
989 935 1086 995 noctis

249 1018 382 1079 Nondum
398 1018 513 1081 ablutus
526 1022 610 1098 aquia
624 1054 668 1067 -
681 1020 735 1081 tibi
749 1022 826 1081 enlm
839 1021 916 1082 lsaec
928 1038 989 1098 ego
1003 1038 1087 1081 sacra
1102 1020 1197 1097 litari,
1216 1056 1262 1067 —

250 1102 347 1165 'l'rado
367 1103 448 1165 ierus
466 1103 551 1165 miles
572 1104 716 1185 tripodum
733 1106 867 1186 fidusque
884 1106 1037 1167 sacerdos.

251 1189 361 1249 Sinon
384 1189 509 1250 dedecui
531 1199 579 1251 tua
599 1192 679 1253 iussa
699 1190 809 1270 tulique
829 1200 1020 1269 prementem,
1202 1200 1262 1254 aso
1312 1227 1316 1239 ·

250 1274 348 1353 Saepe
369 1274 452 1351 veni,
478 1293 569 1355 saepe
591 1274 667 1336 lianc
687 1275 809 1353 digamo
827 1277 995 1355 inrumpere
1014 1284 1152 1335 mentem.

250 1357 335 1419 Nunc
356 1358 408 1420 tibi
429 1359 536 1419 crudus
559 1358 671 1435 bonos,
693 1369 796 1421 trunca
817 1378 896 1421 arma
917 1377 1064 1439 cruorque
1081 1361 1232 1421 virorum:

249 1443 291 1505 m
310 1445 418 1523 patrias
441 1444 466 1503 si
488 1444 603 1523 quando
624 1445 728 1505 domos
749 1454 924 1525 optataque,
945 1444 1055 1521 Paean,

251 1527 389 1607 Templa,
411 1526 516 1604 Lycio,
540 1528 639 1604 dabis,
661 1538 706 1591 tot
725 1530 796 1590 ditia
817 1529 893 1591 dona
912 1531 1036 1591 sacratis

250 1610 387 1673 Postibus
408 1622 438 1673 et
457 1613 578 1673 totidem
597 1616 659 1675 voti
680 1632 793 1675 memor
811 1616 901 1692 exige
921 1624 1032 1676 tauros.
1201 1624 1260 1679 345

313 1695 452 1773 Dixerat,
475 1706 505 1758 et
526 1698 612 1759 laetis
632 1700 733 1759 socios
754 1699 916 1761 revocabat
935 1699 973 1760 ab
991 1699 1088 1761 armis.

249 1781 380 1842 Venerat
400 1780 455 1841 bos
477 1784 553 1843 inter
572 1783 634 1844 isto
655 1782 834 1860 Calydonius
852 1783 985 1864 lloplcas

250 1865 468 1945 llaenaliusqoe
490 1866 613 1946 Dymas,
638 1869 739 1930 dilecti
759 1868 881 1947 regibus
902 1868 1000 1944 ambo,

250 1950 363 2029 Regum
385 1951 469 2013 ambo
492 1954 630 2030 comites,
652 1972 775 2034 quorum
795 1962 865 2033 post
880 1955 987 2013 lunera
1006 1953 1113 2013 moesti

249 2034 347 2097 Vitam
367 2035 564 2115 indignanturr
586 2040 667 2118 prior
686 2038 952 2099 Arcada-concitat
971 2036 1120 2117 Hopleus:
1202 2045 1259 2100 666
1332 2062 1334 2100 t

315 2119 458 2182 ‘Nullane
479 2133 548 2203 post
567 2142 668 2186 manes
688 2124 770 2202 regis
791 2122 844 2185 tibi
866 2141 936 2185 cura
955 2123 1111 2203 perempti,

251 2204 327 2268 Care
348 2204 463 2282 Dyma?
486 2217 605 2269 teneant
624 2227 710 2288 quern
728 2211 785 2270 iarn
802 2208 932 2271 fortasse
948 2208 1087 2269 uolucres
1141 2221 1153 2232 ’·

217 2343 220 2354 .
251 2291 439 2370 Thebanique
463 2310 567 2361 canes:
593 2296 705 2372 patriae
728 2294 797 2373 quid
817 2293 925 2356 deinde
946 2293 1061 2369 feretis,
1333 2342 1334 2357 l

249 2371 404 2437 Arcades?
427 2394 465 2436 en
485 2378 612 2438 reduces
633 2387 735 2440 costra
757 2379 838 2438 uenit
854 2396 962 2458 aspera
981 2386 1084 2438 mater.
1332 2368 1334 2515 q

249 2459 346 2522 Funus
368 2457 440 2520 ubil
466 2470 494 2522 at
515 2471 615 2522 nostro
637 2481 756 2542 semper
776 2462 830 2522 sub
849 2472 975 2542 pectore
996 2461 1113 2538 Tydeus
1200 2472 1256 2526 366
1333 2520 1334 2543 ,

251 2545 352 2605 Saevit
372 2545 458 2624 inops
478 2546 595 2622 tumuli,
618 2549 749 2627 quamvis
769 2548 926 2626 patientior
947 2557 1026 2608 artus
1333 2552 1334 2555 ’

250 2628 305 2690 llle
326 2647 383 2690 nec
404 2629 534 2710 abruptis
555 2631 631 2692 adeo
653 2631 840 2692 lacrimabilis
861 2634 953 2693 annis
1053 2656 1062 2672 ·

249 2711 298 2774 Ire
318 2723 414 2775 tamen
435 2733 611 2795 saevumque
633 2717 705 2777 libet
726 2716 807 2776 nullo
826 2717 929 2778 ordine
950 2717 1059 2794 passim

251 2797 381 2859 Scrutari
403 2818 534 2880 campum
556 2802 726 2880 mediasque
747 2803 912 2882 inrumpere
933 2800 1075 2862 Thebas!

250 2881 368 2961 Excipit
390 2900 458 2945 orsa
479 2885 603 2960 Dymas:
626 2885 702 2946 ‘Per
722 2903 782 2964 eqo
801 2887 964 2964 lraecuaqa
980 2885 1079 2946 sidera
1094 2883 1172 2960 iuro,
1201 2893 1258 2948 666

250 2965 307 3026 Per
327 2965 409 3027 ducis
431 2978 562 3030 errantes
583 2971 674 3031 instar
694 2972 762 3032 mibi
781 2974 903 3033 amnicis
922 2970 1050 3046 umbras,

250 3048 331 3110 Idem
352 3052 440 3112 ardor
460 3055 584 3125 miserm
607 3057 742 3118 comitem
764 3058 960 3136 circumspicit
980 3055 1050 3115 olim

249 3131 333 3194 blena
354 3133 467 3200 humilis
490 3139 584 3219 luctu,
608 3143 661 3204 sed
681 3159 759 3202 nanc
778 3142 860 3221 prior
879 3142 961 3210 ibo;’
982 3139 1119 3218 viamque
1174 3214 1178 3218 ι

249 3217 387 3299 Inchoat,
411 3232 440 3285 ot
460 3235 574 3287 moesto
596 3243 757 3288 conuersus
777 3227 814 3287 ad
834 3226 954 3288 aethera
974 3224 1055 3286 valta

251 3302 302 3364 Sic
326 3307 380 3368 ait:
403 3309 549 3373 ‘Aroanae
569 3312 748 3373 moderatrix
765 3310 890 3388 (lyntliia
907 3310 1014 3384 noctis,
1203 3315 1259 3372 366

252 3388 284 3448 si
305 3397 334 3450 te
354 3399 522 3474 tergeminis
544 3396 699 3477 perbibent
720 3400 835 3459 varlare
854 3397 956 3473 liguris

249 3470 361 3537 Numen
382 3491 412 3542 et
432 3483 462 3541 in
481 3482 570 3542 silvas
592 3482 650 3543 allo
671 3482 856 3543 descendere
877 3480 968 3553 vultu,

250 3557 305 3619 llle
327 3580 426 3626 comes
448 3583 542 3644 nuper
562 3583 770 3645 nemorumque
791 3565 913 3642 insignis
934 3563 1075 3638 alumnus,
1225 3644 1232 3651 .

250 3641 307 3704 llle
328 3654 410 3728 tuus,
431 3648 540 3728 Diana,
561 3667 652 3732 puer„
674 3668 750 3710 nunc
768 3651 891 3729 respice
912 3649 1044 3731 saltem„¹
1090 3690 1093 3698 -
1141 3669 1145 3672 ·
