2842 4300
484 389 686 439 smarnos
704 390 855 439 Lmvn.
1052 344 1056 356 Ι
1110 383 1168 443 157
1235 402 1239 409 ’

170 547 198 607 lt
220 546 335 607 fremitu
357 546 503 623 gaudens,
526 546 597 607 lieet
619 554 697 609 arma
718 563 888 625 gregesque
906 546 1052 611 lacessant

169 631 348 692 Venantum:
370 631 510 711 praedam
530 632 611 693 videt
633 641 733 693 elsua
752 632 873 692 vulnera
894 634 998 695 nescit.

171 718 222 777 Sic
240 725 309 777 tune
325 734 493 793 congressu
515 714 669 795 Capaneus
691 720 810 793 gauisus
828 718 926 795 iniquo
1117 727 1170 783 ete

170 801 308 862 Lihrahat
327 818 431 879 magna
451 811 599 861 venturam
621 802 699 861 mole
722 815 905 880 cupressum,

171 887 249 947 Ante
270 896 366 946 tamen
388 886 482 960 ‘Quid
500 886 633 947 femineis
657 886 830 961 ululatibus,
854 887 954 964 inquit,

73 974 80 983 ’“
173 970 345 1047 fertilitas,
369 973 523 1045 moriture,
544 968 646 1031 virosi
668 973 774 1031 utinam
793 972 858 1050 ipse
879 972 1004 1046 veniret,

175 1054 229 1115 Cui
250 1054 335 1115 iuris!
355 1055 429 1116 haec
450 1055 545 1131 Tyriis
565 1073 637 1115 cane
656 1056 794 1117 matribus
803 1060 825 1131 ‚²
849 1064 880 1115 et
899 1055 984 1115 simul
1005 1054 1115 1115 hastam

137 1186 140 1193 .
171 1140 305 1219 Expulit;
329 1140 379 1201 illa
399 1140 519 1215 volans,
540 1159 595 1199 eeu
612 1142 657 1199 vis
677 1158 736 1201 nou
755 1140 815 1201 ulla
833 1149 963 1200 moretur
1117 1149 1169 1205 68⁰

173 1224 283 1301 Obvia,
304 1226 354 1285 vix
376 1227 471 1285 sonuit
493 1226 590 1304 elipeo
613 1234 643 1285 et
663 1228 719 1285 iam
738 1236 822 1303 terga
840 1224 967 1304 reliquit.

172 1310 263 1369 Arma
286 1310 391 1386 fluunt,
415 1310 569 1389 longisque
590 1319 692 1389 erepat
714 1310 887 1387 singultibus
908 1328 1017 1387 aurum,

173 1393 361 1474 Eruptnsque
386 1396 464 1455 sinus
487 1396 556 1455 vicit
578 1412 672 1455 cruor.
716 1394 833 1455 Occidis
857 1394 961 1471 audax,

175 1477 292 1539 Occidis
313 1479 399 1539 Aonii
418 1500 492 1559 puer
510 1480 603 1541 altera
624 1498 692 1539 eura
713 1479 811 1555 Lyaei.

173 1562 300 1624 Meroida
320 1573 350 1623 te
371 1565 471 1625 fractis
493 1564 666 1643 planxerunt
685 1564 794 1625 ismara
814 1564 933 1640 thyrsis,
975 1589 980 1597 ¹

73 1714 74 1717 Ἴ
174 1647 217 1707 Te
241 1648 378 1727 Tmolos,
400 1658 430 1709 te
451 1649 530 1725 Nysa
551 1649 635 1709 ferax
656 1648 830 1727 Theseaque
847 1648 948 1709 Neues

73 1760 74 1777 2
172 1731 212 1793 Et
233 1732 370 1795 Thebana
392 1744 469 1795 metu
489 1736 597 1793 iuratus
619 1736 647 1793 in
670 1732 759 1810 Orgia
781 1732 906 1811 Ganges.

172 1816 237 1877 Nee
258 1837 379 1896 segnem
401 1818 561 1896 Argolicae
583 1836 704 1878 sensere
724 1818 868 1879 Eteoclea
882 1828 1004 1894 turmae,

172 1901 292 1963 Parcior
311 1904 347 1965 ad
370 1905 450 1963 aives
472 1903 617 1978 Polynieis
637 1903 779 1963 inhorruit
799 1904 887 1963 ensis.

236 1987 350 2049 Eminet
372 1998 438 2048 ante
460 1989 533 2048 alios
555 1990 611 2047 iam
631 1986 850 2047 formidantibus
868 2005 937 2047 arsa

173 2072 365 2152 Amphiaraus
387 2074 469 2153 equis
490 2091 525 2133 ae
545 2072 633 2133 multo
654 2072 778 2152 pulvere
798 2074 887 2133 vertit

174 2156 313 2237 Campum
329 2159 538 2236 indignantem,
561 2157 668 2218 famule
691 2159 782 2218 decus
799 2158 879 2218 addit
898 2159 982 2218 inane

173 2241 305 2302 hleestus
328 2253 358 2303 et
377 2253 526 2303 extremes
547 2242 643 2303 obitus
664 2243 789 2302 illustrat
808 2242 929 2321 Apollo.

172 2327 228 2387 llle
250 2329 336 2388 etiam
359 2328 483 2407 elipeum
505 2328 678 2407 galeamque
698 2328 826 2388 incendit
845 2327 959 2388 honoro

178 2413 297 2482 Sidere;
317 2431 373 2473 nec
395 2413 477 2472 tarde
498 2413 596 2489 fratri,
621 2411 764 2488 Gradive,
787 2412 904 2489 dedisti,
1118 2418 1169 2474 695

73 2515 74 2526 ¹
173 2496 219 2556 Ne
243 2514 298 2575 qua
317 2516 417 2558 manus
438 2506 549 2573 vatem,
572 2515 609 2556 ne
633 2497 853 2576 quidmortalia
871 2497 953 2558 hello

172 2579 303 2642 haedere
324 2582 383 2642 tela
406 2591 525 2659 queant:
553 2591 681 2642 sanctum
704 2591 734 2642 et
754 2583 924 2643 venerabile
946 2581 1006 2642 Diti

174 2663 272 2726 Funus
291 2675 361 2726 erat.
402 2666 481 2727 Talis
502 2667 614 2728 medies
635 2667 759 2726 infertur
777 2667 808 2725 in
828 2667 930 2727 hostes

73 2793 74 2796 ,
176 2748 281 2811 Certus
303 2760 332 2810 et
353 2753 417 2831 ipse
439 2738 759 2827 necis‚viresf1dueia
781 2751 833 2810 leti

175 2835 327 2914 Suggerit;
350 2837 416 2896 inde
437 2838 500 2896 vire
520 2837 687 2913 maioraque
709 2835 837 2894 mamhra
859 2834 983 2914 diesque

107 2999 109 3004 ,
176 2918 293 2980 Laetior
312 2931 341 2980 et
360 2939 511 2999 numquam
531 2929 609 2980 tanta
631 2921 814 2998 experientia
836 2919 925 2997 coeli,

176 3005 208 3064 Si
228 3014 328 3066 vacet:
351 3008 454 3066 avertit
472 3006 556 3064 morti
578 3005 756 3064 contermina
777 3003 886 3065 Virtus.

175 3089 269 3150 Ardet
289 3090 441 3168 inexpleto
461 3091 543 3150 saevi
564 3087 702 3148 lllavortia
726 3106 836 3166 amore,

175 3172 212 3233 Et
234 3174 336 3234 fruitur
355 3175 457 3234 dextra
478 3184 565 3253 etque
588 3175 679 3251 anima
700 3173 842 3251 flagrante
863 3173 1004 3254 superbit.

175 3257 230 3318 llic
247 3258 390 3318 hominum
412 3277 497 3319 casus
520 3259 612 3320 lenire
634 3267 664 3317 et
686 3257 893 3319 demerefatis
1021 3270 1025 3275 '

176 3343 241 3403 lura
263 3343 419 3422 frequens,
443 3354 577 3422 quantum
599 3343 693 3402 subite
713 3344 845 3404 diversus
867 3343 904 3403 ah
923 3343 985 3419 illo,

176 3427 233 3500 *Qut
255 3429 386 3506 tripodas
409 3427 563 3507 laurusque
583 3429 685 3506 sequi,
707 3429 756 3506 qui
777 3428 880 3488 dectus
900 3429 930 3488 in
950 3429 1027 3488 omui

73 3566 74 3592 ἶ
176 3510 261 3572 Nuhe
282 3513 405 3572 salutate
427 3512 576 3572 volucrem
599 3529 784 3591 cognoscere
804 3512 933 3573 Phoebo.

176 3596 356 3658 Innumeram
377 3597 458 3656 ferro
476 3597 611 3676 plebem,
635 3616 690 3658 eeu
710 3597 810 3658 letifer
829 3616 919 3658 annus
971 3597 979 3610 ’

73 3703 74 3760 3
176 3681 234 3742 hut
255 3682 337 3744 iubar
356 3681 472 3743 adversi
493 3699 585 3760 grave
608 3683 729 3760 sideris,
752 3683 872 3745 inmeiat
886 3683 995 3746 umbris
1069 3694 1073 3702 '
1122 3689 1174 3744 ile
