2842 4300
208 367 249 429 92
486 355 492 366 ⁴
546 382 579 430 P.
600 377 736 452 euenum
757 381 875 462 suurn

269 534 380 596 Noster
402 551 566 616 purpureus
585 551 740 617 novusque
762 537 863 600 oborta
949 557 952 565 ·
986 533 989 538 ’

205 620 244 682 Et
265 620 339 680 binis
358 619 515 681 decoratus
537 620 694 698 umbilicis,
808 663 811 668 -
879 635 887 644 ·

204 704 326 767 Praeter
346 721 393 764 me
414 705 481 766 mibi
504 705 635 767 constitit
655 704 799 767 decussis.

204 789 248 850 Tu
269 806 368 849 rosum
386 788 472 848 tineis
496 790 613 868 situque
631 797 758 868 putrem,

204 872 315 947 Quales
338 881 386 933 aut
406 872 524 949 libycis
546 873 663 934 madent
683 873 782 951 olivis,
816 866 820 878 ¹

203 957 262 1018 Aut
281 966 328 1017 tus
348 955 492 1018 Niliacum
509 958 634 1037 piperve
656 967 785 1037 servant,

203 1040 263 1101 Aut
283 1039 476 1116 Byzantiacos
496 1042 578 1102 olent
601 1041 747 1110 lacertos:

202 1123 268 1185 Nec
290 1125 393 1186 saltem
413 1134 462 1186 tua
483 1125 560 1186 dicta
583 1127 791 1204 continentem,

202 1207 285 1282 Quae
305 1209 381 1269 trino
401 1209 515 1270 iuuenis
534 1210 600 1270 ioro
622 1209 756 1288 tonabae,

147 1332 149 1342 ι
202 1292 261 1353 dut
283 1303 397 1354 centum
418 1309 514 1374 prope
535 1294 665 1371 iudices,
688 1296 857 1376 priusquam

202 1376 245 1437 Te
267 1375 454 1440 Germanicos
476 1377 616 1439 arbitrum
638 1380 790 1458 sequentis

201 1459 344 1522 Annonae
367 1461 447 1523 dedit
468 1464 651 1541 omniumque
671 1463 731 1524 latc

200 1544 347 1606 Praeiecit
369 1547 541 1608 stationibus
561 1547 694 1616 viarum}

129 1665 132 1670 -
201 1627 261 1689 Sed
280 1628 360 1690 Bruti
381 1631 461 1690 senis
482 1631 673 1692 oscitationes

199 1710 247 1774 De
267 1730 356 1792 capsa
374 1714 474 1774 miseri
496 1713 667 1789 libellionis,

198 1794 335 1876 Emptum
352 1798 424 1876 plus
445 1799 538 1858 minus
558 1813 626 1858 asse
649 1797 770 1873 Gaiano,

96 1921 100 1926 =
199 1878 311 1941 Donus.
354 1881 457 1962 Usque
478 1882 593 1943 adeone
612 1881 770 1943 doluerunt

200 1961 304 2026 Caesis
326 1966 407 2044 pilea
429 1975 494 2028 suta
517 1966 553 2027 de
574 1959 734 2027 lacelnisi

198 2047 257 2109 Vel
275 2050 402 2111 mantilia
424 2049 574 2112 luridaeve
596 2065 734 2130 mappae,

200 2129 327 2195 Chartae
350 2133 555 2197 Thebaicaeve
579 2130 757 2198 caricaevei

199 2215 349 2298 Nusquam
368 2220 484 2281 turbine
508 2219 642 2280 conditus
663 2220 760 2279 ruenti
786 2296 789 2302 Ι

198 2300 358 2363 Prunomm
379 2304 488 2381 globus
509 2312 597 2382 utque
621 2299 833 2365 coctanorumi

198 2382 265 2445 Non
288 2386 434 2464 ellychnia
456 2388 554 2463 sicca,
576 2402 636 2447 non
658 2386 803 2465 replictae

196 2467 355 2531 Bulborum
375 2471 491 2531 tunicae
512 2486 567 2531 nec
590 2486 646 2531 ova
667 2466 798 2531 tanturn?

197 2550 265 2613 Non
285 2553 369 2614 leves
391 2554 485 2614 alicae
506 2570 563 2615 nec
585 2571 722 2635 asperam
742 2551 809 2615 iuri

198 2634 346 2715 Nusquam
369 2634 519 2717 Cinyphiis
537 2648 643 2717 vagata
665 2638 778 2719 campis

199 2716 358 2781 curvarum
379 2722 480 2783 domus
500 2721 556 2783 uda
577 2719 788 2784 cochlearum?

197 2802 264 2865 Non
284 2804 395 2865 lardum
416 2806 509 2867 breve
532 2806 676 2867 debilisve
698 2801 814 2885 perna?

195 2886 264 2948 Non
283 2887 444 2967 Lucanica,
466 2906 525 2950 non
546 2908 654 2968 manes
675 2890 813 2966 Pbalisci,

196 2970 264 3032 Non
283 2973 343 3050 sul,
365 2990 567 3053 oxyporumve
590 2990 746 3052 cascusue,

197 3056 257 3117 Aut
279 3073 371 3136 panes
390 3056 539 3118 viridantis
561 3057 733 3137 aphronitri,

196 3139 255 3201 Vel
275 3158 394 3219 passum
414 3140 538 3221 psythiis
564 3143 624 3202 suis
642 3151 804 3217 recoctum,

196 3222 283 3285 Dulci
305 3224 419 3285 deimta
440 3225 490 3287 vel
509 3225 605 3286 lutosa
627 3226 747 3287 coeno?

197 3306 340 3381 Quantum
359 3308 409 3369 uel
430 3308 500 3370 dare
523 3327 629 3377 cereos
652 3310 771 3371 olentes

198 3389 356 3452 Cultellum
377 3401 520 3453 tenuesve
540 3391 719 3455 codicillos?

198 3473 330 3553 Ollares,
353 3493 444 3555 rogo,
467 3494 526 3538 uon
549 3478 659 3538 licebat
681 3494 765 3555 uvas,

199 3556 327 3621 Cumano
347 3562 459 3639 patinas
482 3562 511 3621 in
534 3560 606 3622 orbe
624 3570 728 3638 tortas,

196 3641 255 3705 Aut
274 3661 359 3705 unam
380 3644 451 3707 dare
473 3644 623 3721 synthesin
642 3679 685 3696 -
703 3646 772 3727 quid
793 3645 922 3709 borroni
941 3684 985 3701 «-
1025 3690 1033 3695 -
