2842 4300
514 387 692 442 sruvusuu
713 388 747 437 r..
762 388 797 437 v.
899 447 905 457 ,
1096 376 1157 439 113

220 543 297 618 Quid
319 541 446 606 referam
463 545 617 624 expositas
638 553 765 606 servato·
779 544 911 624 pandere
933 542 1053 606 monesi

153 629 237 703 Quae
257 629 375 708 pietas,
398 646 483 708 quarn
501 630 562 690 vile
580 629 706 707 lucrum,
721 643 808 710 'quae
831 646 899 691 cura
920 627 1063 709 pudcris‘l

154 712 286 787 Quantus
309 730 390 774 amor
411 715 485 776 recti
492 728 703 794 ,.rarsusque,
719 713 774 797 ulti
794 713 881 777 dulce
901 716 1019 792 remitti,

153 797 252 859 Gratia
274 815 349 876 quae
369 796 476 860 dictis?
495 798 599 860 hainau
612 815 705 877 quam
723 797 803 860 nulla
825 795 987 867 senectus?
1134 835 1154 872 ·.

151 880 203 941 His
226 881 278 942 tibi
299 898 354 960 pru
375 884 487 944 meritis
508 883 614 944 famam
632 883 795 963 laudesque
817 883 959 960 benignas
1105 895 1160 948 25⁰

150 963 244 1026 ludex
267 983 336 1028 cura
357 965 443 1028 deum
464 967 646 1046 nulloquee
663 967 788 1030 vulnere
808 969 908 1028 tristes

151 1048 318 1110 Gaacessit.
364 1049 507 1130 Raperis,
528 1053 661 1129 genitor,
684 1067 744 1114 aun
765 1052 880 1128 indque
901 1053 978 1128 aevi,

149 1133 217 1194 Non
238 1135 358 1210 nimius,
382 1137 523 1214 trinisque
544 1137 648 1198 mem
670 1137 865 1216 quinquennia
885 1136 985 1198 lustris

150 1217 252 1279 lancta
273 1218 382 1278 iereus.
428 1221 488 1282 Sed
506 1235 554 1280 ma
576 1222 671 1300 pietas
693 1236 845 1282 numerare
866 1221 1013 1302 dolorque
1059 1231 1063 1235 ’

149 1301 217 1362 Non
239 1304 324 1379 sinit,
348 1321 366 1363 o
385 1303 483 1380 Pylias
503 1306 569 1366 aevi
588 1305 800 1368 transcendere
820 1313 913 1365 metas
1105 1314 1158 1368 255

149 1386 189 1447 Et
211 1386 345 1447 Teucros
368 1404 497 1467 sequare
519 1407 625 1465 senes,
648 1407 666 1449 c
690 1391 778 1467 digne
798 1389 901 1448 videre

149 1469 198 1531 hle
218 1471 358 1532 similem!
382 1472 442 1532 Sed
462 1491 518 1534 nec
543 1473 594 1534 leti
614 1473 666 1531 tibi
687 1476 772 1533 ianua
792 1472 894 1532 tristis.

152 1555 270 1634 Quippe
293 1557 377 1616 leues
400 1573 507 1618 causae
529 1571 586 1616 nec
606 1559 707 1634 segnis
730 1555 799 1617 tahe
822 1557 907 1616 senili

150 1638 255 1700 Exitus
275 1639 392 1718 instanti
412 1642 562 1718 praemisit
581 1640 710 1702 membra
733 1640 884 1720 sepulcra,

150 1724 211 1785 Sed
233 1733 264 1787 te
282 1732 386 1802 torpor
407 1725 486 1785 iners
508 1735 538 1786 et
558 1743 637 1786 mers
659 1726 767 1786 imitata
788 1726 915 1803 quietem
1105 1733 1159 1789 260

147 1805 301 1888 Explicuit
320 1808 457 1888 falsoque
476 1809 540 1870 tulit
561 1809 615 1870 suh
637 1819 746 1870 tartara
767 1827 881 1870 somno.

216 1892 299 1968 Quos
321 1910 379 1970 ege
400 1903 469 1962 tuac
489 1891 635 1972 gemitus?
659 1891 801 1954 Gemitum
823 1909 924 1953 manus
945 1891 1032 1953 anxia
1054 1890 1136 1968 vidit,

148 1977 229 2038 Vidit
249 1986 278 2036 et
301 1978 467 2056 exemplum
480 1979 626 2056 'genetrix
647 1979 809 2055 gavisaque
829 1979 922 2051 novit,

149 2061 234 2135 Quae
256 2061 382 2122 lamenta
403 2062 467 2124 tuli.
510 2061 633 2122 Veniam
652 2062 828 2137 concedite,
849 2079 962 2136 manes,
1005 2083 1008 2088 ·

147 2144 207 2207 Fas
229 2145 356 2220 dixisse,
379 2156 478 2225 pater,
499 2162 558 2209 nun
579 2156 610 2216 tu
631 2146 699 2207 mihi
716 2146 804 2225 plura
824 2145 970 2206 dedisses.
1105 2152 1158 2208 2⁶5

213 2229 300 2290 Felix
321 2229 372 2289 ille
394 2239 507 2309 patrem
527 2230 628 2291 vacuis
650 2230 842 2287 circumdedit
863 2230 952 2303 ulnis,

148 2314 250 2375 Vellet
273 2323 302 2373 et
321 2314 415 2389 elysia
436 2314 566 2392 quamvis
588 2314 617 2371 ia
639 2313 716 2373 sede·
735 2311 862 2373 locatum

147 2398 298 2478 Abripere
321 2406 350 2458 et
370 2398 488 2459 ,Danaas
510 2400 614 2457 iterum
636 2406 757 2476 portare
778 2414 833 2475 per
854 2393 986 2462 umbram

148 2481 351 2562 Temptantem
372 2491 402 2541 et
421 2484 505 2542 vivas
527 2482 658 2543 molitum
678 2482 708 2539 in
727 2489 835 2544 tartara
854 2496 978 2558 gressus

149 2567 261 2627 Detulit
281 2566 413 2627 infernae
434 2572 519 2627 vates
540 2566 685 2643 longaeva
706 2563 829 2625 Dianae.
1106 2568 1159 2625 270

150 2652 182 2711 Si
204 2651 311 2727 chelyn
332 2648 484 2726 Odrysiam
504 2652 591 2729 pigra
610 2650 768 2710 transmisit
789 2648 910 2707 hveme

150 2734 248 2796 Causa
266 2737 375 2811 minor,
397 2736 425 2795 si
447 2735 627 2797 Thessalicis
649 2732 790 2793 Admetus
809 2733 838 2791 in
859 2733 931 2806 cris,
1047 2755 1050 2760 ·

74 2840 76 2843 ·
149 2821 182 2880 Si
206 2820 311 2880 coniux
332 2828 413 2879 retro
433 2818 611 2895 Phylaceida
631 2816 743 2886 rettulit
763 2815 903 2892 umbram,

150 2902 211 2964 Cur
227 2903 298 2964 nihil
321 2912 443 2981 exord,
466 2906 600 2981 genitor,
623 2900 726 2977 chelys
745 2910 793 2961 aut
814 2908 863 2961 tua
881 2917 994 2976 manes,
1071 2924 1075 2929 ⁴

149 2990 209 3049 Aut
230 2984 317 3047 mea?
339 2987 396 3049 Fas
417 2988 486 3049 mihi
508 2990 544 3050 sit
566 2988 677 3067 patrius
699 2986 871 3063 contingere
895 2984 1005 3061 vultus,
1104 2989 1159 3046 275

148 3072 206 3133 Fas
225 3072 355 3132 iunxisse
374 3089 492 3150 manas,
516 3082 545 3135 et
564 3072 615 3133 lex
635 3088 840 3150 quaecumque
860 3078 1011 3149 sequatur.

213 3156 345 3233 Atros,
365 3157 529 3217 umbrarum
550 3174 640 3235 reges
663 3163 843 3232 aeternaque
860 3153 932 3214 luno
951 3186 993 3199 —-

150 3240 182 3301 Si
204 3239 348 3301 laudanda
372 3256 482 3320 precor
501 3274 546 3287 ω-
565 3240 666 3302 medas
689 3239 804 3301 aniene
824 3250 982 3317 comasque

147 3324 355 3388 Eumenidum:
378 3326 459 3387 nullu
477 3335 564 3387 sonet
584 3342 674 3405 asper
694 3324 800 3385 ianitor
820 3322 888 3383 orel
985 3368 989 3375 .

149 3407 372 3489 Centaurusque
395 3410 571 3489 Hydraeque
589 3427 703 3487 greges
724 3406 924 3486 Scyllaeaque
944 3414 1074 3467 monstra
1105 3412 1158 3467 280

148 3493 282 3554 Aversae
305 3493 404 3555 celent
422 3495 533 3571 ualles,
556 3494 744 3573 umbramque
767 3493 891 3553 senilem

148 3576 255 3638 Invitet
277 3578 367 3657 ripis,
390 3580 523 3641 discussa
545 3574 652 3659 plebe,
676 3577 821 3656 supremis

147 3660 263 3721 Vector
285 3671 315 3721 et
335 3663 365 3721 in
383 3662 479 3727 media
501 3672 657 3745 componat
678 3660 806 3723 molliter
828 3660 905 3741 alga.

194 3764 342 3810 suenrus.
366 3768 388 3809 1.
972 3740 990 3801 8
