2842 4300
491 362 690 412 n-nmos
712 364 784 411 LIB.
805 364 882 413 vm.

251 518 291 579 At
309 535 366 579 non
389 520 696 581 semianimi'elamore
716 519 877 582 blenoeeea
897 520 997 600 lapsus

187 603 274 665 Fallit
294 604 384 681 Atys,
407 606 567 684 praevertit
589 623 682 685 equos
704 623 848 686 comaque
869 608 956 667 eitato

186 688 307 757 Desilit;
331 688 456 750 instabat
477 690 571 769 pubes
593 690 732 768 Tegeaea
752 692 869 766 iaeenti,
1132 702 1185 757 ooo

186 774 251 834 Neo
270 772 427 852 prohibent
447 773 536 851 Tyrii.
579 775 720 853 ‘Pudeat,
743 773 870 836 Cadmea
892 776 1035 852 inventus,

189 858 364 936 Terrigenas
386 862 503 920 mentita
521 860 635 939 patras!
659 877 717 939 quo
738 860 874 935 tenditis,
896 861 997 939 inquit,

187 940 383 1021 Degeneres?
402 944 543 1004 meliusne
564 946 642 1005 iaoet
663 962 718 1023 pro
741 947 881 1022 sanguine
903 954 1003 1005 nostro

186 1028 303 1108 Hospes
326 1026 421 1104 Atys?
442 1038 549 1089 tantum
570 1030 680 1109 hospes
702 1028 796 1090 adhue
819 1038 850 1089 et
870 1031 1002 1106 eoningis
1024 1028 1102 1091 ultor

186 1112 293 1173 lnielix
314 1112 437 1174 nondnm
457 1117 513 1175 iste
534 1133 621 1182 suae;
642 1132 696 1175 nos
719 1116 842 1193 pignora
863 1123 940 1175 tanta
1131 1124 1184 1181 aas

185 1195 374 1261 Prodinrusi'
416 1196 568 1276 lnsurgunt
586 1201 661 1261 iusto
683 1199 794 1259 firmata
815 1199 928 1278 pudore

185 1282 325 1360 Agmina,
347 1284 451 1362 auique
473 1302 544 1344 suae
569 1284 685 1345 rediere
707 1287 737 1343 in
758 1292 881 1362 peetora
902 1300 999 1343 aurae.

247 1366 361 1428 lnterea
374 1367 498 1429 ‘thalami
521 1379 637 1429 secreta
660 1371 688 1429 in
712 1378 794 1448 parte
817 1386 948 1447 sorores,

187 1452 244 1533 Par
263 1452 339 1512 alind
361 1470 486 1529 morum,
508 1455 665 1532 miserique
687 1456 804 1513 innoxia
825 1453 926 1531 proles

188 1536 375 1616 Oedipodae,
398 1540 492 1597 uarias
516 1541 638 1599 miscent
660 1556 796 1598 sermone
821 1537 966 1617 querelas.
1132 1544 1184 1600 610

185 1620 251 1682 Neo
269 1621 344 1681 mala
362 1640 437 1700 quae
458 1624 551 1699 iuxta,
575 1622 628 1682 sed
650 1623 738 1701 longa
760 1622 797 1681 ab
820 1624 933 1700 origine
955 1621 1017 1697 lati,

183 1706 267 1766 llaee
283 1708 381 1765 matris
404 1706 523 1783 taedas,
548 1708 651 1767 oeulos
672 1718 718 1767 ast
739 1707 788 1768 illa
810 1716 961 1785 paternos,

185 1791 288 1851 Altera
310 1800 495 1867 regnantem,
518 1793 672 1869 profugam
694 1794 784 1869 gemit
805 1792 897 1852 altera
914 1791 1045 1868 fratrem,

185 1875 269 1937 Bella
289 1875 400 1935 ambae.
443 1874 545 1937 Gravis
567 1876 632 1937 bina
652 1878 751 1935 miseri
772 1877 916 1936 annotatio
936 1877 1007 1935 voti.

184 1960 274 2021 Nutat
291 1970 415 2038 utroque
437 1961 538 2036 timor,
561 1978 710 2040 quemnam
732 1960 790 2020 boe
810 1961 966 2020 oertamine
990 1960 1108 2034 vietum,
1130 1968 1182 2023 615

185 2044 279 2118 Quem
300 2046 407 2104 vieisse
430 2044 533 2105 velint:
556 2048 643 2105 taeite
662 2045 878 2124 praeponderat
897 2044 975 2105 exul.

185 2130 237 2191 Sia
254 2128 429 2191 Pandioniae
452 2139 587 2208 repetunt
608 2130 657 2190 ubi
678 2131 734 2192 fida
755 2130 893 2190 volueres

153 2251 161 2270 .
183 2214 317 2294 llospitia
340 2224 426 2292 atque
449 2214 540 2275 larem
560 2215 661 2275 bruma
680 2216 814 2294 pulsante
834 2215 977 2290 relietum,

184 2302 326 2379 stantque
348 2317 438 2377 super
458 2300 542 2359 nidos
564 2301 733 2380 ueterisque
753 2299 873 2361 exordia
893 2299 946 2361 fati

184 2383 329 2445 Enarrant
348 2385 435 2443 tentis
452 2393 482 2444 et
503 2388 633 2445 truncum
653 2404 688 2445 ao
710 2385 809 2445 debile
832 2403 958 2444 murmur
1130 2389 1183 2444 oto

184 2468 284 2529 Verba
308 2476 424 2547 putant,
444 2486 562 2548 voxque
585 2470 634 2530 illa
655 2479 752 2530 tamen
773 2489 831 2530 non
853 2470 970 2530 dissona
990 2465 1099 2528 serbis.

246 2552 343 2633 Atque
366 2551 405 2612 ibi
427 2563 495 2633 post
517 2553 649 2615 lacrimas
673 2563 701 2614 et
721 2555 808 2632 longa
830 2553 945 2614 silentia
966 2569 1066 2612 rursus

184 2637 305 2698 lneboat
325 2637 456 2698 ismene:
479 2638 634 2712 ‘Quisnam
654 2639 702 2700 bio
722 2639 892 2701 mortalibus
912 2634 1016 2705 errori

185 2724 268 2797 Quae
289 2722 414 2801 decepta
436 2721 532 2784 fides?
554 2742 651 2784 euram
678 2724 830 2801 invigilare
852 2723 941 2801 quieti

72 2858 75 2885 ,
186 2804 331 2887 Claraque
356 2825 410 2886 per
423 2807 548 2868 'somnos
571 2810 671 2868 animis
692 2809 847 2869 simulacra
863 2804 993 2867 reuerti?
1130 2814 1182 2869 62⁵

183 2891 266 2952 Eeoe
290 2911 363 2971 ego,
387 2909 463 2972 qnae
481 2893 640 2968 thalamos,
664 2911 720 2952 nee
741 2894 767 2952 si
789 2910 848 2971 pax
865 2892 924 2952 alta
944 2899 1085 2968 maneret,

184 2977 354 3038 'l'raotarem
375 2995 478 3054 sensu,
502 2978 591 3056 pudet
612 2977 685 3038 lreu!
709 2977 834 3039 conubia
850 2977 910 3036 vidi

183 3061 291 3138 Noote,
304 3079 398 3123 soror.
422 3065 565 3141 Sponsum
578 3097 621 3110 --
631 3060 728 3123 unde?
743 3061 862 3121 —milri
873 3078 965 3140 sopor
975 3060 1068 3122 attulit
1082 3077 1181 3122 amens

183 3146 242 3205 Vix
259 3156 355 3208 notum
377 3149 456 3215 visu;
483 3147 575 3208 semel
595 3147 643 3206 bis
663 3149 691 3206 in
712 3147 831 3207 sedibus
852 3146 942 3221 illum,

184 3231 260 3291 Dum
281 3250 346 3293 mea
367 3233 468 3292 neseio
492 3250 549 3311 qao
571 3231 749 3311 spondentur
770 3231 893 3292 foedera
915 3239 1014 3308 paeto,
1128 3239 1181 3296 666

184 3315 316 3395 Respexi
337 3333 395 3376 non
415 3327 537 3394 sponte,
560 3334 662 3384 soror;
685 3317 798 3376 turbata
818 3324 941 3394 repente

183 3399 286 3462 Omina
308 3399 482 3476 oemebam,
507 3401 675 3480 subitusque
698 3400 844 3460 intercidit
863 3401 949 3477 ignis,

183 3484 291 3565 illeque
309 3485 486 3565 sequebatur
507 3486 608 3547 rabido
632 3487 759 3547 elamore
778 3502 943 3564 reposeens

183 3567 279 3630 blater
299 3571 386 3646 Atyn.
426 3569 573 3644 Quaenam
591 3571 666 3632 lmen
686 3571 792 3631 dubiae
812 3571 967 3649 praesagia
987 3563 1099 3632 eladis?

182 3652 248 3715 Nee
266 3657 370 3734 timeo,
394 3655 465 3716 dum·
481 3665 540 3717 tuta
559 3657 659 3718 domus
679 3656 823 3736 milesque
844 3655 964 3716 recedat
1126 3658 1179 3716 636

228 3758 363 3805 arsurus
384 3761 419 3802 11.
977 3738 1015 3799 12
