2842 4300
242 322 302 387 186
589 340 620 386 r.
640 292 774 387 aarum
796 339 910 389 snam

240 495 389 555 Seditione
410 496 497 554 maris
518 496 710 576 nequicquam
732 496 867 558 obstante
886 498 1024 575 magistro
1071 489 1075 498 '

239 579 326 642 Errat
348 588 378 639 et
399 598 505 641 averso
525 582 601 641 redit
621 584 650 641 in
670 584 797 659 vestigia
816 582 894 643 velo.

239 666 306 726 Non
322 665 362 724 ibi
383 665 520 726 Sidoniae
544 666 705 726 valuissent
727 668 840 745 pellere
863 676 972 747 coepto

239 749 472 829 Hippomedonta
492 768 608 827 manus,
634 768 691 809 non
712 752 792 811 illum
813 754 929 831 inpacta
950 761 1102 812 moverent
1193 763 1243 816 145

241 834 394 895 Tormenta
416 837 598 913 oppositum,
621 835 825 915 formidatique
847 837 983 915 superbis
1244 834 1249 841 ’

241 918 379 980 Turribus
398 920 529 999 inpulsus
550 928 689 999 temptato
710 921 836 981 umbone
857 922 1011 982 redissent.
1030 924 1034 933 '

240 1004 300 1065 Sed
320 1022 431 1064 memor
452 1003 544 1079 Elysii
563 1007 643 1082 regis
664 1022 816 1085 noxasque
838 1024 998 1067 recensens

242 1089 360 1165 Tydeos
380 1090 409 1149 in
430 1089 542 1149 medios
565 1098 628 1150 astu
650 1090 727 1150 subit
748 1092 826 1170 inpia
847 1108 967 1170 campos

240 1172 415 1253 ‘l'isipbone;
437 1192 559 1234 sensere
579 1176 677 1249 acies,
698 1174 867 1255 subitusque
887 1176 1013 1236 cucurrit
1193 1186 1246 1239 150

240 1258 336 1319 Sudor
356 1260 438 1338 equis
460 1257 608 1337 sudorque
627 1261 713 1336 viris,
736 1277 907 1340 quamquam
928 1278 980 1321 ore
1002 1261 1125 1320 remisso

239 1343 386 1404 Inachium
406 1343 535 1421 lingebat
553 1343 662 1420 llalyu,
685 1362 825 1423 nusquam
843 1347 937 1424 inpius
956 1347 1031 1423 ignis
1081 1362 1088 1376 ’

240 1427 448 1508 verberaque,
472 1438 502 1488 et
518 1430 589 1487 iussi
608 1438 731 1488 tenuere
750 1430 864 1490 silentia
885 1432 992 1505 crines,
1110 1442 1115 1449 ·

240 1514 329 1573 Arma
349 1514 425 1591 gerit
443 1514 580 1592 iuxtaque
600 1512 656 1573 ieri
678 1514 753 1573 latus
772 1514 1013 1593 Hippomedontis

240 1596 350 1659 Blanda
370 1614 462 1675 genas
482 1596 646 1675 vocemque
667 1600 763 1674 venit,
789 1607 886 1659 tamen
907 1600 959 1661 ille
978 1598 1128 1679 loquentis
1194 1608 1246 1661 155

240 1681 378 1743 Extimuit
399 1681 495 1741 vultus
516 1682 730 1762 admiraturque
750 1684 891 1743 timorem.

240 1767 295 1827 llle
316 1776 411 1827 autem
432 1766 584 1826 lacrimans
607 1766 668 1826 ‘Tu
688 1786 780 1844 nunc,
803 1770 859 1845 ait,
880 1769 997 1845 inclite,
1020 1769 1129 1828 irustru

240 1850 396 1912 Exanimes
417 1853 516 1911 socios
537 1852 739 1931 inhumataque
764 1870 890 1932 corpora
908 1853 1023 1914 Graium
1043 1887 1085 1899 -

241 1936 362 1996 Scilicet
381 1938 405 1996 is
425 1935 510 1996 nobis
529 1946 638 2013 metus,
661 1947 711 1997 aut
733 1939 787 1998 iam
810 1956 879 1999 cura
899 1935 1049 2017 sepulcri?
1070 1972 1115 1985 —

240 2020 391 2099 Protegis;
414 2022 478 2099 ipse
500 2038 583 2081 manu
602 2021 690 2097 l'yria
709 2022 762 2082 tibi
785 2032 885 2102 captus
903 2022 1045 2083 Adrastus
1193 2032 1248 2087 lbb

200 2159 203 2162 .
240 2104 396 2187 Rapiatur,
417 2115 505 2186 teque
525 2114 591 2167 ante
613 2107 703 2184 alios,
725 2116 756 2168 te
776 2124 855 2169 uoce
874 2124 1017 2188 manuque

240 2192 376 2268 Invocat,
399 2192 455 2252 beu
478 2192 593 2270 qualem
614 2191 731 2272 lapsare
752 2195 781 2252 in
802 2196 941 2271 sanguine
960 2194 1029 2270 vidi,

240 2275 365 2338 Exutum
387 2293 475 2337 canos
497 2277 597 2336 lacero
619 2277 780 2338 diademate
802 2278 913 2338 crines!

240 2361 304 2422 Nee
325 2361 429 2440 procul
451 2362 532 2438 bino,
555 2361 675 2422 adverte
698 2363 819 2439 oeulos,
840 2362 890 2422 ubi
912 2363 1051 2442 plurimus
1070 2362 1122 2422 ille

240 2445 356 2522 Pulvis,
378 2444 426 2504 ubi
447 2446 496 2504 ille
518 2445 648 2522 globus.i
688 2446 805 2507 Paulum
827 2449 908 2507 stetit
926 2448 1028 2507 anxius
1049 2447 1139 2507 beros
1191 2459 1248 2514 165

239 2529 433 2609 librabatque
451 2539 558 2598 metus;
583 2531 688 2610 premit
707 2549 812 2610 aspera
827 2533 927 2610 virgo:
950 2530 1044 2604 ‘Quid
1059 2531 1190 2593 baeres?

240 2613 338 2674 lmus?
360 2633 395 2675 an
414 2615 442 2675 bi
463 2617 589 2676 retinent
609 2615 731 2676 manes?
751 2627 780 2677 et
798 2617 885 2676 uilior
901 2617 954 2677 ille

241 2697 297 2772 Qui
314 2699 489 2780 superest'l’
522 2699 659 2761 bliserom
679 2703 769 2761 sociis
789 2718 879 2780 opus,
901 2711 932 2761 et
949 2718 1001 2761 sua
1020 2701 1134 2762 mandat

239 2783 372 2861 Proelia,
395 2795 424 2846 et
445 2787 568 2846 unanimi
589 2787 669 2846 vadit
690 2787 827 2847 desertor
847 2787 942 2862 amici,

239 2868 415 2948 Respiciens
435 2879 531 2930 tamen
552 2879 582 2929 et
600 2881 744 2932 reuocent
763 2873 788 2931 ai
809 2871 886 2931 iorte
907 2879 1034 2950 paratus.
1190 2882 1249 2937 lto

239 2953 311 3013 lude
334 2954 438 3032 legens
460 2953 573 3014 turbata
594 2958 683 3015 trucis
707 2957 831 3034 vestigia
854 2956 939 3016 divae

240 3037 304 3097 Huc
326 3037 396 3097 illuc
416 3038 522 3098 frustra
542 3041 599 3098 ruit
616 3043 714 3117 avius,
737 3043 816 3121 inpia
837 3041 932 3101 donec

239 3120 377 3182 Eumenis
400 3141 438 3182 ex
459 3122 551 3182 oculis
572 3125 683 3184 reiecta
705 3125 822 3185 caerula
838 3141 942 3204 parma

142 3265 144 3272 s
240 3205 341 3284 Fugit,
366 3215 396 3266 et
417 3208 556 3267 innumeri
575 3209 688 3286 galeam
708 3227 815 3288 rupere
835 3219 978 3270 cerastae.

304 3288 439 3370 Adspicit
459 3292 560 3351 inielix
581 3293 713 3354 discussa
732 3295 809 3354 nube
830 3297 954 3374 quietos·
1190 3307 1249 3364 175

239 3374 391 3435 lnacbidas
414 3394 586 3455 currumque
607 3379 677 3438 nibil
699 3381 853 3438 metuentis
870 3379 997 3439 Adrasti.

239 3459 277 3520 Et
296 3459 376 3536 Tyrii
397 3459 453 3520 iam
476 3477 584 3539 corpus
605 3463 729 3538 babent,
750 3464 805 3522 iam
827 3464 932 3540 gaudia
950 3478 1073 3541 maguae

239 3542 395 3604 Testantur
412 3561 521 3620 voces,
543 3546 695 3625 victorque
717 3546 844 3605 ululatus
863 3548 980 3608 aderrat

238 3627 367 3696 Auribus
391 3628 566 3707 occultoque
588 3631 655 3690 ierit
677 3631 850 3710 praecordia
869 3632 957 3692 luctu.
