2842 4300
482 380 682 430 marinos
704 380 775 431 mn.
790 382 843 430 xr.
1101 370 1161 432 241

163 533 304 598 stabitis?
325 552 419 615 nsque
441 536 516 599 adeo
537 537 668 616 geminas
689 538 809 598 duxisse
827 534 967 597 cobortes

163 622 200 683 Et
220 621 333 681 lacinus
353 621 507 682 mandasse
527 638 628 702 parurn
648 620 715 683 esti
736 639 795 701 quo
814 621 919 684 deinde
938 620 1046 683 redibit

162 703 285 767 Victor?
308 708 337 765 in
357 706 450 766 hosne
472 704 573 767 sinus?
598 724 616 767 o
638 708 691 768 diri
714 708 848 785 coniugis
870 706 939 767 olim

162 790 279 851 liclices
299 790 456 851 tenebrae!
486 792 577 868 datis,
599 791 724 871 inproba
743 792 864 868 lumina,
885 808 1008 870 poenas.

162 875 242 937 llaec
264 876 423 955 spectanda
444 874 529 936 dics?
550 894 624 955 quo,
647 895 753 954 saeve,
775 878 911 937 minantia
929 875 1026 937 doctis
1110 885 1162 942 555

163 958 241 1021 Ora?
270 961 338 1040 quid
361 960 490 1020 alternos
511 961 608 1021 vultus
629 961 784 1041 pallorque
805 961 955 1039 ruborque

162 1042 272 1106 lllutat?
294 1054 323 1105 et
343 1045 443 1105 obnixi
460 1045 595 1123 frangunt
615 1046 691 1106 mala
712 1064 855 1106 murmura
876 1043 1001 1106 dentes?

161 1128 208 1190 bic
228 1131 378 1205 miseram,
400 1130 517 1190 vinces!
541 1132 621 1209 prius
639 1130 824 1191 bacctamen
837 1148 917 1191 arma
930 1147 1057 1191 necesse
1073 1139 1120 1191 est

161 1212 324 1293 Experiarc
347 1214 438 1282 domi;
460 1214 545 1275 stabo
567 1217 631 1295 ipsa
651 1216 681 1275 in
701 1215 798 1275 limine
819 1223 924 1294 portae

161 1298 330 1378 Auspicium
351 1299 453 1359 infelix
474 1300 678 1379 scelerumque
698 1300 819 1359 inmanis
841 1301 948 1377 imago.
1110 1306 1162 1364 300

161 1382 242 1444 llaec
264 1383 315 1444 tibi
337 1384 474 1459 canities,
495 1383 571 1445 haec
592 1394 656 1445 sunt
675 1385 830 1459 calcanda,
852 1383 990 1458 nefande,

160 1466 274 1545 Ubera,
297 1486 410 1547 perque
432 1477 544 1529 uterum
563 1471 684 1549 sonipes
705 1468 754 1529 bic
773 1470 872 1528 matris
891 1468 1032 1546 agendus.

160 1552 269 1629 Parce,
293 1554 361 1632 qnid
382 1556 547 1632 oppositam
570 1554 676 1634 capulo
697 1570 857 1633 parmaque
876 1548 1021 1633 repellis?

159 1634 226 1697 Non
244 1654 302 1714 ego
325 1647 355 1697 te
377 1647 478 1699 contra
497 1640 606 1716 Stygiis
627 1639 732 1699 ieralia
751 1639 833 1698 sanxi

159 1722 235 1782 Vota
255 1722 334 1797 deis,
359 1740 450 1783 caeco
472 1742 528 1783 nec
547 1722 670 1799 Erinyas
691 1740 745 1783 ore
765 1722 878 1800 rogavi.
1107 1732 1159 1787 045

159 1804 272 1867 Exaudi
291 1808 440 1875 miseram;
462 1808 598 1885 genetrix
619 1817 665 1883 te,
688 1824 797 1883 saeue,
819 1814 967 1885 precatur,

157 1890 224 1951 Nou
244 1900 341 1970 pater;
364 1891 439 1951 adde
458 1908 568 1952 moram
590 1892 698 1951 sceleri
720 1900 751 1951 et
770 1892 890 1966 metire,
914 1890 993 1968 quod
1013 1892 1115 1953 audes.

160 1974 219 2035 Sed
241 1975 337 2055 pulsat
355 1993 453 2035 muros
471 1994 641 2053 germanus,
663 1984 693 2036 et
713 1976 791 2055 inpia
812 1984 913 2035 contra

158 2059 241 2121 Bella
263 2057 343 2120 ciet?
368 2077 426 2120 non
446 2070 539 2121 mater
559 2062 650 2136 enim,
673 2076 733 2119 non
752 2059 849 2119 obstat
869 2060 947 2119 eunti

157 2144 226 2206 Ulla
248 2161 349 2216 soror;
377 2155 407 2206 te
430 2156 533 2207 cuncta
552 2155 673 2225 rogant,
701 2145 749 2206 bic
770 2145 932 2224 plangimus
951 2162 1062 2206 omnes.
1107 2155 1160 2209 350

158 2229 214 2290 Ast
234 2229 274 2290 ibi
295 2231 344 2290 vix
362 2249 435 2290 unus
456 2249 569 2310 pugnas
591 2230 740 2292 dissuadet
757 2229 900 2290 Adrastus

156 2315 217 2376 Aut
238 2315 365 2376 fortasse
386 2315 480 2384 iubet;
504 2325 535 2376 tu
556 2316 653 2376 limina
673 2317 751 2376 avita
772 2315 905 2394 deosque

156 2398 275 2480 linquis
297 2409 327 2460 et
349 2419 365 2460 a
386 2401 493 2460 nostris
514 2403 544 2460 in
562 2401 680 2461 fratrem
699 2399 883 2480 amplexibus
901 2395 1004 2460 cxisi'

221 2483 259 2544 At
280 2495 364 2563 parte
386 2504 424 2545 ex
445 2485 502 2546 alia
523 2486 629 2547 tacitos
650 2485 786 2546 obstante
805 2484 927 2545 tumultu

156 2567 305 2646 Antigone
326 2570 419 2631 furata
439 2570 566 2648 gradum,
588 2588 645 2630 nec
663 2579 744 2631 casta
761 2571 890 2631 retardat
1107 2573 1160 2633 355

156 2653 333 2731 Virginitas,
359 2654 439 2715 volat
459 2653 566 2732 Ogygii
589 2655 706 2732 lastigie
725 2656 799 2714 muri

156 2735 346 2818 Exsuperare
367 2739 482 2808 iurens;
506 2740 604 2799 senior
625 2757 726 2799 comcs
744 2739 847 2799 haeret
866 2739 945 2797 eunti

155 2823 265 2900 Actor,
291 2833 320 2884 et
338 2823 387 2884 bio
408 2841 532 2884 summas
553 2841 611 2884 non
632 2824 783 2884 duraturus
801 2823 839 2884 ad
858 2839 953 2882 arces.

155 2906 254 2987 thue
276 2909 380 2988 procul
399 2910 471 2968 visis
493 2909 608 2988 paulurn
630 2907 769 2969 dubitavit
788 2909 817 2967 in
837 2909 923 2968 armis

154 2991 363 3072 Agnovitque,
384 2994 483 3054 nelas!
505 2993 608 3054 iaculis
628 3001 659 3052 et
676 3010 754 3054 voce
773 2992 900 3072 superba
1107 3002 1161 3058 000

155 3075 249 3138 Tecta
271 3079 482 3156 incessentem,
503 3095 609 3156 magno
630 3077 711 3156 prius
730 3079 825 3139 omnia
845 3077 963 3157 planctu

123 3238 127 3244 Ι
155 3161 254 3241 lnplet
276 3171 305 3222 et
327 3181 344 3221 e
366 3165 453 3224 muris
476 3182 531 3224 ceu
553 3163 732 3224 descensura
754 3163 900 3242 profatur:

222 3244 407 3326 ‘Comprime
421 3247 480 3308 tela
494 3267 578 3308 manu
593 3247 767 3326 paulumque
782 3247 988 3325 hancrespice
1003 3246 1114 3322 turrim,
1141 3273 1144 3280 ·

152 3329 275 3408 Frater,
300 3340 331 3391 et
351 3331 505 3392 horrentes
526 3332 607 3393 reler
628 3333 657 3390 in
677 3350 743 3392 mea
764 3333 869 3393 lumina
891 3331 1003 3391 cristas.

152 3415 344 3493 Agnoscisne
364 3415 486 3476 hostes?
508 3419 552 3478 sic
573 3434 664 3477 annua
682 3426 769 3494 pacta
787 3416 933 3496 iidemque
1104 3425 1157 3481 305

152 3497 331 3561 Posuimus?
353 3501 383 3560 lui
404 3511 541 3580 questus,
564 3502 639 3562 haec
660 3510 706 3561 cst
727 3501 804 3562 boua
826 3519 916 3562 causa
936 3500 1062 3561 modesti

150 3581 282 3644 Exulis?
304 3583 463 3664 Argolicos
484 3596 604 3665 perte,
626 3604 782 3664 germane,
805 3595 938 3666 penates,

119 3707 121 3711 ,
149 3667 346 3818 NaqqATquiqs
357 3672 421 3818 Arm
439 3671 536 3733 nullus
555 3671 665 3751 honos,
689 3689 745 3751 per
765 3673 790 3732 si
810 3671 879 3752 qnid
898 3671 928 3731 iu
948 3671 1000 3816 1111ἕ
