2842 4300
262 369 303 430 34
576 381 609 427 r„
630 379 764 428 ererum
787 377 904 428 srnrn

260 535 394 598 Excitum
414 531 543 596 infrenos
564 551 742 615 componere
764 535 880 614 legibus
900 534 1000 613 Argos
1207 545 1261 601 18⁰

261 617 405 682 Nesciat?
426 630 515 700 atque
535 621 641 681 eduam
661 621 707 681 his
727 621 859 682 manibus
880 621 1050 702 permittere
1069 629 1184 697 gentes,

260 707 391 786 luppiter
411 724 521 786 aeque,
543 704 637 782 velis,
660 721 733 784 quas
752 705 879 766 Doricus
901 705 1002 782 alligat
1019 705 1103 766 undis

260 791 384 852 Isthmos
407 799 436 850 et
454 790 568 851 alterno
590 807 663 870 quus
684 793 814 869 margine
835 789 989 850 submovet
1012 790 1103 850 inira!

260 875 326 936 Nou
347 875 466 953 lugeret
484 875 562 936 diras
584 874 635 935 lox
656 876 795 936 intercise
816 873 967 952 blycenas,

261 962 356 1021 Saeva
374 978 430 1019 nec
452 958 547 1019 Eleae
566 969 719 1038 gemerent
742 963 899 1020 certamina
918 959 1025 1035 valles,

259 1045 493 1122 Eumenidesque
515 1043 579 1104 aliis
599 1043 675 1105 aliae
697 1045 752 1105 sub
775 1044 911 1123 regibus,
934 1053 963 1103 et
981 1063 1056 1123 quae

260 1129 303 1190 Tu
325 1130 437 1208 potior,
459 1127 616 1205 Thebane,
636 1131 735 1208 queri:
756 1145 901 1190 noscero
922 1128 1058 1190 volentes

259 1214 452 1294 Expositique
471 1214 595 1274 animis?
638 1215 688 1275 Sic
709 1214 878 1290 interfatus,
900 1222 929 1272 et
949 1213 1024 1272 alter

259 1299 387 1360 Subicit:
409 1297 507 1358 ‘hune
528 1298 632 1377 aliquis
652 1315 776 1362 soceros
796 1298 940 1358 accedere
963 1297 1038 1356 tales

259 1379 395 1443 hbuuat?
417 1382 553 1443 exulibus
571 1399 742 1462 quamquem
760 1384 911 1462 patriaque
932 1382 1039 1458 iugatis

257 1467 391 1528 Nondum
412 1467 489 1528 laetu
504 1466 621 1543 Venus,
639 1476 736 1527 tamen
757 1467 849 1528 omnis
871 1465 960 1526 corde
981 1465 1091 1526 resedit

260 1552 404 1628 Tristitia,
428 1552 566 1632 ailixique
588 1551 682 1612 animo
701 1569 822 1612 cessere
844 1550 975 1612 dolores.

261 1635 327 1697 Neo
347 1638 439 1696 minus
459 1636 534 1697 haec
554 1636 623 1696 laeti
643 1635 781 1696 trahimus
800 1635 918 1712 solatia,
942 1638 1026 1714 quam
1048 1635 1073 1693 si

196 1719 199 1724 ’
259 1721 416 1798 Praecipiti
438 1720 578 1780 convulsa
595 1719 673 1780 Noto
695 1729 869 1800 prospectet
886 1721 1007 1780 amicam

259 1805 368 1884 Puppis
389 1805 514 1864 humum.
554 1804 636 1865 luvet
655 1806 808 1882 ingressos
829 1803 928 1864 ielicia
945 1806 1030 1880 regni

259 1889 377 1966 Omina,
401 1890 478 1970 qnod
497 1898 634 1969 superest
652 1889 704 1949 lati
723 1891 860 1968 vitaeque
882 1888 1017 1949 laborum

220 2044 223 2050 ¹
256 1973 384 2035 Fortuna
401 1975 524 2035 transire
542 1973 613 2035 tua.’
656 1973 721 2034 Nec
742 1973 826 2053 plura
846 1975 949 2034 morati

259 2057 462 2137 Consurgunt,
484 2059 568 2120 dictis
589 2059 738 2137 inpensius
758 2062 881 2135 aggerat
904 2075 989 2119 omne

257 2143 433 2205 Promissum
452 2142 586 2204 Inachius
606 2153 705 2223 pater,
728 2142 896 2221 auxilioque
916 2142 1042 2203 futurum

259 2227 297 2289 Et
318 2230 418 2308 patriis
438 2228 565 2307 spondet
580 2228 708 2289 reduces
728 2228 870 2289 inducere
886 2229 996 2305 regnis.

319 2311 400 2389 Ergo
423 2312 537 2373 alacres
559 2312 648 2389 Argi,
670 2312 737 2372 fuso
758 2330 875 2373 rumore
895 2330 949 2391 per
970 2309 1071 2371 urbem

258 2397 423 2457 Advenisse
445 2397 512 2457 duci
530 2414 674 2473 generos,
697 2398 856 2477 primisque
878 2395 1046 2473 hymenaeis

257 2482 415 2559 Egregiam
432 2480 558 2559 Argian,
580 2498 636 2541 nec
654 2482 765 2541 lormae
786 2482 871 2541 laude
891 2480 1047 2541 secundam

258 2566 423 2646 Deipylen,
445 2566 551 2627 tumida
573 2567 629 2626 iam
648 2566 812 2643 virginitate
831 2567 935 2643 iugari,

260 2651 370 2714 Gaudia
390 2661 486 2712 mente
508 2658 626 2729 perenn
650 2652 747 2709 socies
767 2651 789 2709 it
809 2650 896 2711 Fama
917 2668 972 2729 per
993 2647 1094 2723 urbes,

256 2736 456 2815 Finitimisque
473 2737 598 2812 agitatur
617 2735 695 2812 agris
717 2734 821 2814 procul
842 2753 933 2813 usque
955 2733 1088 2809 Lycaeos

257 2818 487 2899 Partheniosque
507 2837 599 2897 super
619 2819 710 2879 saltus
728 2818 942 2898 Ephyraeaque
962 2834 1038 2877 rura.

256 2902 321 2963 Neo
340 2904 431 2963 miuus
449 2901 579 2982 Ogygias
599 2902 702 2963 eadem
723 2902 778 2963 dea
797 2902 910 2962 turbida
930 2900 1046 2961 Thebas

258 2988 368 3064 Insilit,
387 2997 421 3047 et
440 2989 509 3047 totis
527 2987 675 3067 perlundit
692 2988 807 3048 moenia
824 2987 938 3065 pennis,

210 3142 218 3160 ·
257 3072 489 3151 Labdaciumque
511 3071 615 3133 ducem
638 3074 818 3151 praemissae
842 3088 971 3131 consona
991 3071 1071 3130 noeti

259 3155 400 3234 Territat,
422 3155 548 3235 hospitia
566 3165 596 3216 et
615 3156 758 3218 thalamos
780 3164 809 3215 et
831 3154 952 3216 foedera
971 3156 1054 3233 regui

257 3241 490 3320 Permixtumque
510 3258 614 3319 genus.
656 3238 739 3314 Quae
762 3248 840 3300 tanta
861 3239 1140 3315 licentia'uronstro,

259 3326 332 3401 Quis
353 3325 435 3385 luror
456 3322 521 3384 est‘l
542 3327 598 3385 iem
619 3325 698 3385 bella
718 3326 805 3385 canit.
846 3324 1007 3385 Diffuderat
1026 3323 1125 3401 Argos
1249 3338 1258 3361 ·
1345 3320 1346 3355 ³

257 3409 421 3490 Expectata
441 3409 521 3469 dies:
542 3409 622 3471 laeto
641 3409 754 3487 regalia
777 3417 864 3469 coetu

257 3494 340 3555 Atria
363 3493 560 3574 complentur,
582 3494 701 3578 species
723 3502 769 3554 est
791 3511 912 3555 cernere
932 3510 1051 3555 avorum
1201 3508 1259 3563 215

259 3578 396 3639 Cominus
419 3588 448 3639 et
469 3581 544 3640 vivis
565 3579 705 3640 certantia
724 3579 852 3639 vultibus
872 3598 950 3641 aera.

258 3663 378 3726 Tantum
399 3682 488 3726 ausae
510 3664 646 3744 perferre
665 3664 780 3725 manus!
824 3664 911 3737 liatar
932 3666 997 3745 ipse
1019 3662 1149 3728 bicornis
