2842 4300
273 378 334 445 100
617 392 649 442 e.
668 392 803 442 erenum
823 393 938 443 ernon

271 554 411 628 Pectora,
433 566 490 611 neo
505 549 640 629 requies,
660 549 728 630 quin
746 559 775 611 et
796 550 944 629 surgentia
960 552 1050 612 coelo

271 638 399 697 Flamina
419 644 448 696 et
469 652 486 695 e
508 635 618 695 onustis
641 638 829 715 p'rospeotem
849 635 975 697 collibus
993 638 1094 697 undas.
1216 649 1267 705 295
1338 641 1339 698 l

337 720 491 781 ‘Exoritur
511 719 675 799 pudibunda
696 720 761 781 dies
781 722 956 799 coelumque
976 730 1117 782 retexens
1338 713 1339 740 ¹

273 806 415 866 Avernum
430 802 539 865 lemno
560 804 658 881 iubar,
681 813 711 865 et
729 804 853 865 declinia
872 805 957 866 Titan

273 890 413 971 Opposita
433 890 501 967 iuga
522 889 598 951 nube
618 889 727 949 reiert:
745 898 867 969 patuere
887 890 1018 951 furores·

270 974 427 1051 Nocturni,
449 973 582 1054 lucisque
600 990 694 1036 novae
712 974 865 1035 formidine
883 977 994 1035 onustis
1015 1010 1057 1019 —-

272 1059 449 1139 Quamquam
464 1060 539 1119 inter
555 1058 664 1119 simules
685 1094 728 1105 -
745 1058 860 1120 babitus
877 1060 982 1136 rubor,
1004 1060 1081 1139 inpia
1096 1070 1195 1124 terrae
1214 1069 1268 1126 boo

270 1144 413 1205 Infodiunt
434 1144 566 1221 seelera,
588 1152 637 1203 ant
656 1144 769 1205 lestinis
787 1144 902 1222 igmlms
923 1152 1017 1207 urunt.

271 1229 331 1290 lam
349 1247 449 1291 manns
467 1226 654 1289 Eumenidum
675 1238 833 1308 captasque
855 1229 1007 1307 refugerat
1026 1246 1112 1291 arses

271 1313 427 1375 Exatnrata
447 1310 562 1390 Venus,
582 1313 664 1373 licuit
684 1314 808 1391 sentire,
828 1314 1020 1393 quidnam,

271 1398 310 1459 llt
328 1399 445 1460 turbare
469 1414 567 1458 comas
587 1404 618 1457 et
638 1396 744 1457 lumina
761 1398 876 1475 tingere
895 1398 974 1459 beto.

332 1482 445 1544 ‘Insula
465 1482 547 1543 dives
567 1482 645 1560 agris
667 1481 832 1561 opibusque
851 1483 996 1560 armisque
1015 1483 1160 1563 virbone,
1214 1495 1268 1549 305

270 1568 347 1629 Nota
366 1570 421 1628 situ
441 1560 474 1627 et*
492 1565 594 1627 Getico
616 1584 709 1645 nuper
730 1565 817 1626 ditata
837 1566 998 1645 triumpho,
1071 1576 1075 1583 “

270 1652 337 1713 Non
355 1652 440 1713 maris
459 1652 591 1728 incursu,
611 1668 669 1709 non
689 1650 793 1727 hoste,
812 1668 868 1709 neo
885 1651 1005 1711 aethere
1026 1651 1130 1728 laevo,

269 1735 399 1799 Perdidit
418 1754 473 1797 nna
493 1751 593 1795 omnes
614 1734 716 1795 orbata
738 1735 900 1814 excisaque
917 1736 1022 1795 mundo

270 1821 439 1900 Indigenas:
462 1837 521 1880 non
541 1830 609 1880 arva
630 1821 699 1897 viri,
722 1837 781 1879 non
800 1836 929 1899 aequora
951 1828 1080 1897 vertunt,

273 1904 447 1967 Conticuere
469 1906 585 1983 domus,
605 1920 691 1965 eruor
713 1905 802 1982 altus,
824 1913 854 1965 et
874 1904 964 1965 ontsa
985 1921 1086 1965 arnseo
1214 1916 1269 1971 sto

273 1989 381 2053 Cuncta
402 1991 506 2053 rubent
526 1988 614 2067 tabo,
636 1990 867 2069 magnaeqne'in
886 1989 1038 2049 moenibus
1056 1990 1138 2050 urbis

272 2076 333 2137 Nos
355 2084 479 2154 tantum,
500 2084 529 2135 et
549 2075 630 2135 saeui
651 2075 761 2154 spirant
781 2092 836 2154 per
857 2074 979 2134 culmina
999 2092 1109 2135 manes.

334 2160 420 2242 ‘Ipsa
442 2177 558 2242 qnoque
581 2160 694 2221 arcanis
714 2159 786 2219 teeti
804 2160 833 2218 in
852 2159 1050 2238 penetralibus
1070 2161 1130 2221 alto

271 2246 376 2308 llolior
396 2247 463 2324 igne
483 2260 601 2326 pyram,
625 2253 773 2323 sceptrum
793 2260 885 2323 snper
903 2249 1039 2324 armaque
1059 2247 1154 2324 patris

270 2331 360 2393 Inicio
382 2339 411 2390 et
430 2339 514 2390 notas
531 2345 633 2407 regum
654 2329 814 2405 gestamina
832 2338 949 2406 vestes,
1106 2340 1111 2370 ³
1215 2341 1268 2396 315

271 2417 318 2477 Aa
337 2432 432 2494 prope
450 2421 563 2474 moesta
580 2428 684 2490 rogum
707 2414 835 2473 conlusis
856 2413 971 2492 ignibus
991 2414 1075 2474 adsto

271 2500 350 2562 Ense
373 2497 538 2575 cruentato,
560 2497 752 2576 fraudemque
772 2508 809 2558 et·
822 2499 916 2559 inania
936 2498 1021 2558 busta

270 2585 380 2662 Plango
401 2592 496 2660 metu,
517 2583 542 2642 si
563 2583 640 2642 forte
661 2591 807 2662 premant,
830 2598 1001 2662 oassnmqne
1023 2585 1137 2663 parenti

274 2669 364 2730 Omen
387 2677 416 2730 et
435 2669 491 2730 has
509 2665 611 2730 dubios
629 2667 680 2728 leti
701 2669 875 2747 precor'ire
894 2669 1023 2728 timores.

334 2753 402 2814 ‘His
425 2753 492 2814 mihi
512 2771 566 2834 pro
587 2753 713 2829 meritis,
736 2761 767 2813 ut
788 2752 856 2813 falsi
873 2754 997 2813 oriminis
1019 2762 1082 2813 astu
1216 2764 1269 2820 ino
1338 2762 1339 2769 ’

271 2839 355 2900 Parta
377 2838 465 2914 fides,
484 2855 575 2916 regno
599 2847 628 2898 et
650 2837 728 2898 solio
750 2835 905 2898 considere
922 2837 1014 2917 patris
1337 2784 1339 2899 1

272 2923 451 3004 Supplicium
474 2921 564 2982 datur.
608 2921 692 2983 Anne
712 2922 770 2984 illis
792 2921 915 2983 obsessa
933 2919 1092 3000 negarem?
1338 2920 1339 2999 ξ

272 3007 412 3083 Accessi,
433 3023 522 3085 saepe
544 3015 609 3066 ante
632 3007 704 3068 deos
724 3015 830 3069 testata
851 3007 1007 3087 iidemque
1337 3024 1339 3097 p

272 3092 480 3170 inmeritasque
502 3107 616 3160 manum
638 3091 731 3166 subeo
751 3127 792 3138 -
813 3108 868 3172 pro
889 3089 950 3152 dira
969 3091 1119 3171 potestas!
1338 3120 1339 3131 r

272 3175 413 3253 Exangne
433 3173 581 3255 imperium
603 3185 632 3236 et
649 3184 789 3237 moestam
811 3179 872 3236 sine
894 3176 1017 3237 animine
1033 3173 1176 3236 lemnon.
1216 3188 1267 3243 325
1336 3212 1339 3299 p

337 3260 412 3320 ‘lam
428 3262 519 3338 magis
535 3269 621 3340 atque
639 3261 853 3340 magis'rigiles
869 3261 957 3322 dolor
970 3269 1079 3338 angere
1090 3276 1204 3324 sensus

272 3343 309 3406 Et
330 3339 464 3422 gemitus
477 3345 563 3422 clari,
588 3353 617 3405 et
635 3345 772 3424 paulatim
793 3346 882 3406 invisa
902 3345 1032 3422 Polyxo,

272 3430 331 3490 Iam
352 3429 514 3490 meminisse
537 3429 634 3498 neias;
657 3430 711 3490 iam
732 3446 844 3509 ponere
866 3430 996 3490 mani’ons
1018 3445 1084 3490 aras

274 3512 466 3590 Concessum,
491 3523 520 3574 et
538 3515 654 3574 multum
673 3515 786 3575 eineres
806 3517 900 3576 iurare
918 3515 1062 3595 sepultos.

274 3600 323 3658 Sis
343 3598 392 3659 ubi
411 3599 560 3680 duetorem
580 3599 710 3679 trepidae
733 3599 895 3680 stabulique
915 3602 1062 3674 maritum,
1217 3606 1267 3669 330

275 3681 365 3758 Quem
384 3701 476 3766 penes
498 3691 526 3745 et
548 3681 637 3745 saltos
660 3689 689 3746 et
711 3684 826 3746 adultae
844 3685 937 3763 gioria
950 3687 1068 3764 ζωὴ,
