2842 4300
272 383 312 446 84
604 397 636 444 n.
658 395 793 445 unsrun
814 395 930 448 aunum

272 554 437 634 spirantum
456 551 553 623 rahie;
574 571 632 615 nec
650 553 727 614 tristi
748 553 915 616 incumbere
934 553 1016 616 sulcu

273 636 366 714 Cura,
387 637 441 698 sed
459 638 601 698 alternum
622 641 741 719 cupiunt
761 639 877 700 haurire
900 657 1041 700 cruorem.
1220 645 1274 700 555)

271 723 406 784 Proxima
426 733 554 784 natarum
573 733 754 800 manasset,
776 724 894 804 lletique
911 733 1047 803 nepotes.

271 807 325 868 llic
345 808 444 868 orbam
461 807 618 868 Autonoen
638 817 668 869 et
690 809 822 870 anhelam
843 810 987 869 cernimus
1008 806 1060 868 lno

255 892 499 973 -Respectantem
521 911 607 953 arcus
629 902 659 954 ct
680 893 717 953 ad
738 893 829 954 ubera
849 893 936 954 dulce
961 900 1141 972 prementem

269 977 394 1056 Pignus,
417 988 447 1040 55
466 978 611 1057 oppositis
631 978 770 1039 Semelen
792 997 808 1040 a
827 987 930 1039 ventre
951 977 1079 1038 lacertis.

270 1062 398 1124 Penthea
420 1065 475 1123 iam
497 1063 598 1123 fractis
619 1065 755 1141 genetrix
777 1060 915 1124 Cadmeia
931 1062 1049 1137 thyrsis,
1217 1068 1273 1122 555

270 1147 331 1209 lam
351 1147 467 1208 dimissa
488 1147 562 1224 deo,
582 1157 745 1227 pectusque
763 1148 903 1226 adaperta
926 1155 1074 1208 cruentum

271 1232 436 1311 Insequitur
456 1231 588 1312 plauctu;
611 1232 685 1310 fugit
704 1233 756 1293 ille
779 1249 833 1312 per
854 1233 918 1294 auia
937 1230 1045 1291 Lethes

270 1317 310 1378 Et
328 1318 447 1394 Stygios
470 1333 652 1396 superosque
673 1317 771 1393 lacus,
794 1316 844 1376 uhi
864 1317 960 1377 milior
980 1315 1060 1374 illum

271 1401 338 1463 Flet
358 1411 443 1481 pater
465 1410 495 1462 ct
512 1401 641 1462 lacerum
662 1403 809 1480 componit
828 1419 935 1481 corpus
957 1399 1080 1462 Echion.

271 1487 396 1548 Tristem
415 1502 507 1546 nosco
524 1485 633 1562 Lycum
653 1485 842 1566 dextramque
862 1487 891 1545 iu
912 1495 996 1562 terga
1014 1483 1155 1544 rellexum
1220 1491 1279 1548 570

270 1571 432 1646 Aeoliden,
452 1569 573 1630 humero
594 1573 749 1631 iactantem
769 1571 853 1632 15555
876 1579 990 1630 555555.

270 1655 401 1716 Necdum
422 1655 474 1715 ille
496 1664 544 1715 ant
563 1655 695 1732 babitus,
717 1663 765 1716 aut
785 1671 890 1716 versae
911 1655 1029 1716 crimina
1051 1652 1165 1712 formae

269 1739 361 1800 blutat
381 1739 518 1800 Aristaeo
538 1741 669 1817 genitus:
692 1739 774 1800 irons
793 1757 898 1819 aspera
920 1756 1020 1815 cornu,

271 1824 345 1886 'lela
363 1842 465 1900 manu,
487 1825 632 1904 reicitque
650 1842 738 1885 canes
759 1826 787 1886 in
806 1825 909 1885 vulnus
928 1823 1050 1884 hiantes.

270 1909 352 1970 Ecce
371 1918 465 1970 sutem
483 1927 589 1987 magua
611 1907 688 1969 subit
708 1908 851 1970 invidiosa
872 1917 991 1969 caterva
1218 1911 1273 1969 575
1333 1905 1334 1920 ’

271 1993 399 2056 Tantalis
420 2003 450 2054 et
469 1994 578 2054 tumido
595 2003 754 2073 percenset
775 1994 876 2054 lunera
898 1993 988 2068 luctn,

269 2077 319 2140 Nil
340 2079 455 2140 deiecta
474 2079 573 2148 malis3
594 2080 672 2140 iuuat
694 2079 835 2157 effugisse
857 2078 977 2139 deorum

270 2164 392 2226 Numina
415 2174 445 2224 et
466 2165 584 2225 insanae
603 2164 670 2243 plus
687 2165 744 2224 iam
763 2166 933 2244 permittere
953 2161 1092 2239 linguae.i

334 2248 415 2309 Talia
437 2248 502 2309 dnm
523 2250 598 2327 patri
616 2250 692 2309 canit
713 2250 883 2309 intemerata
902 2246 1052 2322 sacerdos,

270 2332 352 2393 lllins
377 2332 462 2393 elatis
483 2332 652 2393 tremefacta
673 2352 830 2411 assurgere
852 2334 931 2393 vittis
1222 2338 1277 2395 580

272 2415 424 2493 canicies,
448 2418 586 2494 tenuique
608 2416 709 2496 inpelli
730 2418 869 2496 sauguine
890 2416 996 2477 vultus.

271 2500 336 2561 Nec
356 2502 412 2561 ianr
432 2500 554 2561 lirmauti
574 2499 697 2579 baculo,
720 2520 777 2563 nec
797 2502 909 2581 virgine
930 2500 987 2561 lida

270 2584 392 2662 Nititur,
416 2594 592 2664 erectusque
614 2586 681 2647 solo
715 2585 853 2647 ‘Desiste
875 2585 1017 2663 cauendo,

271 2669 361 2746 Nata,
383 2671 437 2731 ait:
459 2678 599 2732 externae
619 2672 690 2731 satis
713 2679 759 2731 est
777 2670 844 2730 mihi
863 2670 954 2746 lucis,
976 2670 1087 2729 inertes

271 2754 432 2816 Discedunt
452 2754 594 2832 nebulae,
618 2764 647 2815 et
666 2755 775 2815 uultum
792 2756 877 2833 niger
898 2754 978 2815 exuit
999 2771 1058 2815 aer.
1221 2766 1273 2821 585

270 2839 441 2917 Urnbrisue,
463 2858 500 2900 55
520 2858 629 2919 supero
648 2858 695 2899 me
716 2842 820 2900 missus
842 2838 981 2917 Apolline
1003 2837 1133 2917 complet

271 2920 417 3003 Spiritus?
439 2942 477 2983 cn
494 2922 581 2983 video
603 2941 803 3003 quaecumque
822 2922 932 2985 audita!
975 2923 1034 2984 Sed
1057 2940 1130 2984 ecee

269 3008 404 3068 bloerent
422 3007 556 3085 Argolici
574 3008 689 3070 deiecto
710 3009 815 3069 lumine
836 3026 946 3069 manes.

272 3092 384 3152 Torvus
404 3090 485 3152 Abas
501 3092 683 3173 Proctusque
703 3111 815 3155 nocens
829 3095 963 3172 mitisque
985 3092 1169 3173 Phoroncus,

272 3178 490 3256 Truncatnsque
508 3176 617 3257 Pelops
640 3187 671 3239 et
689 3194 780 3239 sacro
802 3179 924 3257 pulvere
945 3178 1068 3239 sordens
1222 3192 1274 3248 590
1329 3216 1330 3245 r

272 3261 437 3322 Oenomaus
459 3261 548 3340 largis
570 3263 735 3323 humectant
755 3263 892 3324 imbribus
915 3280 977 3325 ora.
1328 3248 1330 3343 A

271 3348 409 3425 Auguror
427 3345 493 3406 hinc
515 3346 622 3408 Thebis
642 3346 715 3409 belli
734 3348 865 3409 meliora.
908 3347 984 3423 Quid
1007 3357 1101 3409 autem

271 3430 307 3492 lli
325 3448 418 3509 grege
439 3430 649 3493 condenso-
607 3442 801 3533 ἡ55555551
822 3450 900 3494 arma
915 3440 946 3493 55
962 3432 1082 3494 vulnera
1096 3444 1271 3511 monstrant,
1327 3392 1330 3487 A

271 3516 424 3594 Pugnaces
442 3516 569 3593 animae,
593 3516 770 3576 *nobis
760 3536 790 3578 ru
810 3520 949 3595 sangnine
970 3516 1061 3579 multo

272 3599 389 3679 Oraque
409 3610 590 3681 pectoraque
611 3600 734 3662 5515155
756 3602 884 3663 clamore
907 3603 1018 3664 levatas
1222 3614 1272 3671 595

271 3683 425 3747 lutendunt
445 3686 507 3746 sine
529 3704 604 3767 pace
623 3683 745 3748 manus?
783 3686 863 3767 aex,
884 3688 987 3767 lallor,
1010 3706 1047 3749 55
1066 3687 1095 3749 hi
1118 3700 1186 3753 sunt
