<?xml version="1.0" encoding="UTF-8"?>
<!DOCTYPE html PUBLIC "-//W3C//DTD XHTML 1.0 Transitional//EN"
    "http://www.w3.org/TR/xhtml1/DTD/xhtml1-transitional.dtd">
<html xmlns="http://www.w3.org/1999/xhtml" xml:lang="en" lang="en">
 <head>
  <title>
</title>
<meta http-equiv="Content-Type" content="text/html;charset=utf-8" />
  <meta name='ocr-system' content='tesseract 3.04.00' />
  <meta name='ocr-capabilities' content='ocr_page ocr_carea ocr_par ocr_line ocrx_word'/>
</head>
<body>
  <div class='ocr_page' id='page_1' title='image "./publiuspapinius01quecgoog/publiuspapinius01quecgoog_0220.png"; bbox 0 0 2842 4300; ppageno 0'>
   <div class='ocr_carea' id='block_1_1' title="bbox 476 381 815 436">
    <p class='ocr_par' dir='ltr' id='par_1_1' title="bbox 476 381 815 436">
     <span class='ocr_line' id='line_1_1' title="bbox 476 381 815 436; baseline 0.015 -6"><span class='ocrx_word' id='word_1_1' title='bbox 476 381 675 434; x_wconf 74' lang='lat' dir='ltr'>unussmos</span> <span class='ocrx_word' id='word_1_2' title='bbox 696 385 766 434; x_wconf 79' lang='lat' dir='ltr'>mut.</span> <span class='ocrx_word' id='word_1_3' title='bbox 789 387 815 436; x_wconf 73' lang='grc' dir='ltr'>Ι.</span> 
     </span>
    </p>
   </div>
   <div class='ocr_carea' id='block_1_2' title="bbox 173 531 1169 2480">
    <p class='ocr_par' dir='ltr' id='par_1_2' title="bbox 173 531 1169 2480">
     <span class='ocr_line' id='line_1_2' title="bbox 178 531 1166 620; baseline 0.016 -28"><span class='ocrx_word' id='word_1_4' title='bbox 178 531 261 594; x_wconf 84' lang='lat' dir='ltr'>Haud</span> <span class='ocrx_word' id='word_1_5' title='bbox 281 533 405 598; x_wconf 75' lang='lat' dir='ltr'>humiles</span> <span class='ocrx_word' id='word_1_6' title='bbox 424 546 504 600; x_wconf 81' lang='lat' dir='ltr'>tauta</span> <span class='ocrx_word' id='word_1_7' title='bbox 522 539 566 603; x_wconf 86' lang='lat' dir='ltr'>ira</span> <span class='ocrx_word' id='word_1_8' title='bbox 586 539 689 616; x_wconf 70' lang='lat' dir='ltr'>donet,</span> <span class='ocrx_word' id='word_1_9' title='bbox 709 540 886 618; x_wconf 70' lang='lat' dir='ltr'>generisque</span> <span class='ocrx_word' id='word_1_10' title='bbox 903 542 1022 620; x_wconf 74' lang='lat' dir='ltr'>superbi</span> <span class='ocrx_word' id='word_1_11' title='bbox 1155 555 1166 570; x_wconf 84' lang='lat'>&#39;</span> 
     </span>
     <span class='ocr_line' id='line_1_3' title="bbox 178 615 967 704; baseline 0.014 -27"><span class='ocrx_word' id='word_1_12' title='bbox 178 615 283 695; x_wconf 76' lang='lat' dir='ltr'>lingna</span> <span class='ocrx_word' id='word_1_13' title='bbox 303 637 358 699; x_wconf 83' lang='lat' dir='ltr'>per</span> <span class='ocrx_word' id='word_1_14' title='bbox 377 622 500 683; x_wconf 81' lang='lat' dir='ltr'>effusum</span> <span class='ocrx_word' id='word_1_15' title='bbox 519 624 687 686; x_wconf 84' lang='lat' dir='ltr'>oiaroseuut</span> <span class='ocrx_word' id='word_1_16' title='bbox 706 627 789 704; x_wconf 78' lang='lat' dir='ltr'>signa</span> <span class='ocrx_word' id='word_1_17' title='bbox 811 633 967 687; x_wconf 84' lang='lat' dir='ltr'>eruorem’</span> 
     </span>
     <span class='ocr_line' id='line_1_4' title="bbox 240 703 970 788; baseline 0.016 -27"><span class='ocrx_word' id='word_1_18' title='bbox 240 703 298 763; x_wconf 88' lang='lat' dir='ltr'>Vix</span> <span class='ocrx_word' id='word_1_19' title='bbox 316 723 351 765; x_wconf 87' lang='lat' dir='ltr'>ea</span> <span class='ocrx_word' id='word_1_20' title='bbox 372 724 437 770; x_wconf 84' lang='lat' dir='ltr'>oum</span> <span class='ocrx_word' id='word_1_21' title='bbox 457 709 547 770; x_wconf 80' lang='lat' dir='ltr'>mixtu</span> <span class='ocrx_word' id='word_1_22' title='bbox 568 709 696 777; x_wconf 78' lang='lat' dir='ltr'>elamore</span> <span class='ocrx_word' id='word_1_23' title='bbox 718 710 835 788; x_wconf 76' lang='lat' dir='ltr'>obliqua</span> <span class='ocrx_word' id='word_1_24' title='bbox 856 719 970 774; x_wconf 78' lang='lat' dir='ltr'>turenses</span> 
     </span>
     <span class='ocr_line' id='line_1_5' title="bbox 177 786 889 870; baseline 0.02 -25"><span class='ocrx_word' id='word_1_25' title='bbox 177 786 319 866; x_wconf 76' lang='lat' dir='ltr'><strong>Incipiunt</strong></span> <span class='ocrx_word' id='word_1_26' title='bbox 339 808 410 852; x_wconf 88' lang='lat' dir='ltr'>une:</span> <span class='ocrx_word' id='word_1_27' title='bbox 431 792 509 853; x_wconf 68' lang='lat' dir='ltr'>‘Rex</span> <span class='ocrx_word' id='word_1_28' title='bbox 528 811 547 855; x_wconf 94' lang='lat' dir='ltr'>o</span> <span class='ocrx_word' id='word_1_29' title='bbox 568 795 717 857; x_wconf 70' lang='lat' dir='ltr'>mitissime</span> <span class='ocrx_word' id='word_1_30' title='bbox 738 794 889 870; x_wconf 75' lang='lat' dir='ltr'>Achivum,</span> 
     </span>
     <span class='ocr_line' id='line_1_6' title="bbox 178 869 1018 957; baseline 0.017 -27"><span class='ocrx_word' id='word_1_31' title='bbox 178 869 254 944; x_wconf 80' lang='lat' dir='ltr'>Quia</span> <span class='ocrx_word' id='word_1_32' title='bbox 273 873 373 934; x_wconf 86' lang='lat' dir='ltr'>verbis</span> <span class='ocrx_word' id='word_1_33' title='bbox 392 874 490 955; x_wconf 76' lang='lat' dir='ltr'>opus?</span> <span class='ocrx_word' id='word_1_34' title='bbox 512 879 578 957; x_wconf 83' lang='lat' dir='ltr'>ipse</span> <span class='ocrx_word' id='word_1_35' title='bbox 597 880 739 942; x_wconf 63' lang='lat' dir='ltr'>udones</span> <span class='ocrx_word' id='word_1_36' title='bbox 760 881 902 956; x_wconf 75' lang='lat' dir='ltr'>sanguiue</span> <span class='ocrx_word' id='word_1_37' title='bbox 921 881 1018 944; x_wconf 86' lang='lat' dir='ltr'>vuitus</span> 
     </span>
     <span class='ocr_line' id='line_1_7' title="bbox 177 955 968 1041; baseline 0.016 -27"><span class='ocrx_word' id='word_1_38' title='bbox 177 955 340 1034; x_wconf 65' lang='lat' dir='ltr'>Adspicis?</span> <span class='ocrx_word' id='word_1_39' title='bbox 382 960 463 1022; x_wconf 89' lang='lat' dir='ltr'>Haeo</span> <span class='ocrx_word' id='word_1_40' title='bbox 484 964 592 1041; x_wconf 86' lang='lat' dir='ltr'>passim</span> <span class='ocrx_word' id='word_1_41' title='bbox 611 964 831 1026; x_wconf 38' lang='lat' dir='ltr'>turbatisvvoois</span> <span class='ocrx_word' id='word_1_42' title='bbox 853 981 968 1028; x_wconf 81' lang='lat' dir='ltr'>amarae</span> 
     </span>
     <span class='ocr_line' id='line_1_8' title="bbox 177 1037 962 1124; baseline 0.017 -25"><span class='ocrx_word' id='word_1_43' title='bbox 177 1037 345 1104; x_wconf 80' lang='lat' dir='ltr'>Confudere</span> <span class='ocrx_word' id='word_1_44' title='bbox 364 1047 457 1115; x_wconf 87' lang='lat' dir='ltr'>sonis;</span> <span class='ocrx_word' id='word_1_45' title='bbox 480 1047 548 1109; x_wconf 87' lang='lat' dir='ltr'>inde</span> <span class='ocrx_word' id='word_1_46' title='bbox 567 1066 652 1109; x_wconf 92' lang='lat' dir='ltr'>orsus</span> <span class='ocrx_word' id='word_1_47' title='bbox 674 1050 704 1110; x_wconf 88' lang='lat' dir='ltr'>in</span> <span class='ocrx_word' id='word_1_48' title='bbox 722 1049 823 1110; x_wconf 72' lang='lat' dir='ltr'>ordine</span> <span class='ocrx_word' id='word_1_49' title='bbox 845 1047 962 1124; x_wconf 78' lang='lat' dir='ltr'>Tydeus</span> 
     </span>
     <span class='ocr_line' id='line_1_9' title="bbox 177 1122 859 1211; baseline 0.015 -27"><span class='ocrx_word' id='word_1_50' title='bbox 177 1122 348 1205; x_wconf 77' lang='lat' dir='ltr'>Continuat,</span> <span class='ocrx_word' id='word_1_51' title='bbox 369 1133 474 1193; x_wconf 84' lang='lat' dir='ltr'>moesti</span> <span class='ocrx_word' id='word_1_52' title='bbox 495 1134 616 1211; x_wconf 78' lang='lat' dir='ltr'>cupiens</span> <span class='ocrx_word' id='word_1_53' title='bbox 638 1134 742 1196; x_wconf 82' lang='lat' dir='ltr'>solatia</span> <span class='ocrx_word' id='word_1_54' title='bbox 759 1153 859 1196; x_wconf 85' lang='lat' dir='ltr'>easus:</span> 
     </span>
     <span class='ocr_line' id='line_1_10' title="bbox 176 1209 982 1298; baseline 0.016 -29"><span class='ocrx_word' id='word_1_55' title='bbox 176 1209 392 1274; x_wconf 73' lang='lat' dir='ltr'>‘Monstriferos</span> <span class='ocrx_word' id='word_1_56' title='bbox 415 1213 573 1292; x_wconf 78' lang='lat' dir='ltr'>Calydonis</span> <span class='ocrx_word' id='word_1_57' title='bbox 592 1235 673 1298; x_wconf 80' lang='lat' dir='ltr'>opes·</span> <span class='ocrx_word' id='word_1_58' title='bbox 688 1218 891 1298; x_wconf 82' lang='lat' dir='ltr'>Aeheloiaque</span> <span class='ocrx_word' id='word_1_59' title='bbox 913 1237 982 1282; x_wconf 82' lang='lat' dir='ltr'>arta</span> 
     </span>
     <span class='ocr_line' id='line_1_11' title="bbox 176 1293 973 1382; baseline 0.015 -28"><span class='ocrx_word' id='word_1_60' title='bbox 176 1293 319 1357; x_wconf 85' lang='lat' dir='ltr'>Deserui:</span> <span class='ocrx_word' id='word_1_61' title='bbox 340 1301 448 1360; x_wconf 85' lang='lat' dir='ltr'>restris</span> <span class='ocrx_word' id='word_1_62' title='bbox 467 1301 515 1362; x_wconf 83' lang='lat' dir='ltr'>hio</span> <span class='ocrx_word' id='word_1_63' title='bbox 532 1319 579 1364; x_wconf 84' lang='lat' dir='ltr'>roe</span> <span class='ocrx_word' id='word_1_64' title='bbox 600 1321 674 1365; x_wconf 85' lang='lat' dir='ltr'>eeoe</span> <span class='ocrx_word' id='word_1_65' title='bbox 695 1305 725 1364; x_wconf 88' lang='lat' dir='ltr'>iu</span> <span class='ocrx_word' id='word_1_66' title='bbox 746 1303 851 1366; x_wconf 62' lang='lat' dir='ltr'>finibus</span> <span class='ocrx_word' id='word_1_67' title='bbox 869 1305 973 1382; x_wconf 69' lang='lat' dir='ltr'>ingens</span> 
     </span>
     <span class='ocr_line' id='line_1_12' title="bbox 176 1377 972 1468; baseline 0.014 -29"><span class='ocrx_word' id='word_1_68' title='bbox 176 1377 245 1440; x_wconf 86' lang='lat' dir='ltr'>Nux</span> <span class='ocrx_word' id='word_1_69' title='bbox 264 1385 369 1460; x_wconf 88' lang='lat' dir='ltr'>operit.</span> <span class='ocrx_word' id='word_1_70' title='bbox 404 1384 496 1446; x_wconf 84' lang='lat' dir='ltr'>Teoto</span> <span class='ocrx_word' id='word_1_71' title='bbox 517 1387 633 1450; x_wconf 77' lang='lat' dir='ltr'>eoelum</span> <span class='ocrx_word' id='word_1_72' title='bbox 652 1388 809 1468; x_wconf 77' lang='lat' dir='ltr'>prohibere</span> <span class='ocrx_word' id='word_1_73' title='bbox 832 1390 895 1468; x_wconf 80' lang='lat' dir='ltr'>quis</span> <span class='ocrx_word' id='word_1_74' title='bbox 916 1390 972 1450; x_wconf 89' lang='lat' dir='ltr'>iste</span> 
     </span>
     <span class='ocr_line' id='line_1_13' title="bbox 176 1463 979 1552; baseline 0.014 -29"><span class='ocrx_word' id='word_1_75' title='bbox 176 1463 300 1527; x_wconf 80' lang='lat' dir='ltr'>Annuit?</span> <span class='ocrx_word' id='word_1_76' title='bbox 322 1485 358 1528; x_wconf 90' lang='lat' dir='ltr'>an</span> <span class='ocrx_word' id='word_1_77' title='bbox 376 1471 511 1549; x_wconf 79' lang='lat' dir='ltr'>quoniam</span> <span class='ocrx_word' id='word_1_78' title='bbox 533 1474 615 1552; x_wconf 79' lang='lat' dir='ltr'>prior</span> <span class='ocrx_word' id='word_1_79' title='bbox 635 1474 711 1536; x_wconf 85' lang='lat' dir='ltr'>haee</span> <span class='ocrx_word' id='word_1_80' title='bbox 732 1473 768 1536; x_wconf 81' lang='lat' dir='ltr'>ati</span> <span class='ocrx_word' id='word_1_81' title='bbox 786 1473 883 1535; x_wconf 86' lang='lat' dir='ltr'>limine</span> <span class='ocrx_word' id='word_1_82' title='bbox 901 1473 979 1536; x_wconf 86' lang='lat' dir='ltr'>iorte</span> 
     </span>
     <span class='ocr_line' id='line_1_14' title="bbox 175 1546 953 1636; baseline 0.01 -26"><span class='ocrx_word' id='word_1_83' title='bbox 175 1546 294 1610; x_wconf 75' lang='lat' dir='ltr'>Metitur</span> <span class='ocrx_word' id='word_1_84' title='bbox 314 1553 456 1630; x_wconf 68' lang='lat' dir='ltr'>gressus?</span> <span class='ocrx_word' id='word_1_85' title='bbox 477 1559 587 1636; x_wconf 85' lang='lat' dir='ltr'>pariter</span> <span class='ocrx_word' id='word_1_86' title='bbox 606 1557 755 1620; x_wconf 72' lang='lat' dir='ltr'><strong>stabulare</strong></span> <span class='ocrx_word' id='word_1_87' title='bbox 777 1557 953 1620; x_wconf 76' lang='lat' dir='ltr'>bimembres</span> 
     </span>
     <span class='ocr_line' id='line_1_15' title="bbox 178 1631 922 1722; baseline 0.016 -29"><span class='ocrx_word' id='word_1_88' title='bbox 178 1631 340 1696; x_wconf 80' lang='lat' dir='ltr'>Centauros</span> <span class='ocrx_word' id='word_1_89' title='bbox 356 1657 471 1718; x_wconf 90' lang='lat' dir='ltr'>unaque</span> <span class='ocrx_word' id='word_1_90' title='bbox 491 1641 589 1703; x_wconf 81' lang='lat' dir='ltr'>ierunt</span> <span class='ocrx_word' id='word_1_91' title='bbox 611 1641 807 1722; x_wconf 74' lang='lat' dir='ltr'>cyclopeam</span> <span class='ocrx_word' id='word_1_92' title='bbox 828 1643 922 1704; x_wconf 83' lang='lat' dir='ltr'>Aetna</span> 
     </span>
     <span class='ocr_line' id='line_1_16' title="bbox 177 1715 1016 1799; baseline 0.015 -22"><span class='ocrx_word' id='word_1_93' title='bbox 177 1715 375 1799; x_wconf 75' lang='lat' dir='ltr'>compositos.</span> <span class='ocrx_word' id='word_1_94' title='bbox 419 1727 493 1786; x_wconf 81' lang='lat' dir='ltr'>Sunt</span> <span class='ocrx_word' id='word_1_95' title='bbox 515 1735 545 1786; x_wconf 91' lang='lat' dir='ltr'>et</span> <span class='ocrx_word' id='word_1_96' title='bbox 563 1722 672 1789; x_wconf 85' lang='lat' dir='ltr'>rabidis</span> <span class='ocrx_word' id='word_1_97' title='bbox 693 1729 755 1790; x_wconf 89' lang='lat' dir='ltr'>iura</span> <span class='ocrx_word' id='word_1_98' title='bbox 776 1729 860 1790; x_wconf 88' lang='lat' dir='ltr'>insita</span> <span class='ocrx_word' id='word_1_99' title='bbox 881 1730 1016 1790; x_wconf 84' lang='lat' dir='ltr'>monstris</span> 
     </span>
     <span class='ocr_line' id='line_1_17' title="bbox 174 1800 919 1884; baseline 0.011 -22"><span class='ocrx_word' id='word_1_100' title='bbox 174 1800 292 1884; x_wconf 78' lang='lat' dir='ltr'><strong>Fasque</strong></span> <span class='ocrx_word' id='word_1_101' title='bbox 312 1825 408 1870; x_wconf 83' lang='lat' dir='ltr'>suum:</span> <span class='ocrx_word' id='word_1_102' title='bbox 431 1810 515 1871; x_wconf 87' lang='lat' dir='ltr'>nobis</span> <span class='ocrx_word' id='word_1_103' title='bbox 536 1813 651 1873; x_wconf 86' lang='lat' dir='ltr'>soeiare</span> <span class='ocrx_word' id='word_1_104' title='bbox 672 1811 780 1873; x_wconf 80' lang='lat' dir='ltr'>rubilia</span> <span class='ocrx_word' id='word_1_105' title='bbox 798 1808 919 1874; x_wconf 81' lang='lat' dir='ltr'>terrae?</span> 
     </span>
     <span class='ocr_line' id='line_1_18' title="bbox 175 1888 994 1974; baseline 0.011 -27"><span class='ocrx_word' id='word_1_106' title='bbox 175 1888 237 1948; x_wconf 89' lang='lat' dir='ltr'>Sed</span> <span class='ocrx_word' id='word_1_107' title='bbox 256 1891 324 1969; x_wconf 89' lang='lat' dir='ltr'>quid</span> <span class='ocrx_word' id='word_1_108' title='bbox 345 1893 424 1971; x_wconf 78' lang='lat' dir='ltr'>egui</span> <span class='ocrx_word' id='word_1_109' title='bbox 448 1903 497 1955; x_wconf 93' lang='lat' dir='ltr'>aut</span> <span class='ocrx_word' id='word_1_110' title='bbox 516 1894 606 1957; x_wconf 81' lang='lat' dir='ltr'>hodie</span> <span class='ocrx_word' id='word_1_111' title='bbox 625 1895 729 1974; x_wconf 76' lang='lat' dir='ltr'>spoliis</span> <span class='ocrx_word' id='word_1_112' title='bbox 752 1893 994 1973; x_wconf 66' lang='lat' dir='ltr'>garinnaima,</span> 
     </span>
     <span class='ocr_line' id='line_1_19' title="bbox 174 1971 1019 2054; baseline 0.009 -22"><span class='ocrx_word' id='word_1_113' title='bbox 174 1971 314 2053; x_wconf 79' lang='lat' dir='ltr'>Quisquis</span> <span class='ocrx_word' id='word_1_114' title='bbox 335 1995 385 2054; x_wconf 85' lang='lat' dir='ltr'>es,</span> <span class='ocrx_word' id='word_1_115' title='bbox 407 1978 469 2053; x_wconf 77' lang='lat' dir='ltr'>his,</span> <span class='ocrx_word' id='word_1_116' title='bbox 492 1988 542 2040; x_wconf 89' lang='lat' dir='ltr'>aut</span> <span class='ocrx_word' id='word_1_117' title='bbox 560 1997 626 2054; x_wconf 83' lang='lat' dir='ltr'>une,</span> <span class='ocrx_word' id='word_1_118' title='bbox 644 1981 670 2040; x_wconf 85' lang='lat' dir='ltr'>si</span> <span class='ocrx_word' id='word_1_119' title='bbox 693 1997 752 2040; x_wconf 91' lang='lat' dir='ltr'>nou</span> <span class='ocrx_word' id='word_1_120' title='bbox 771 1979 896 2040; x_wconf 81' lang='lat' dir='ltr'>effoetus</span> <span class='ocrx_word' id='word_1_121' title='bbox 913 1979 1019 2042; x_wconf 88' lang='lat' dir='ltr'>oborto</span> 
     </span>
     <span class='ocr_line' id='line_1_20' title="bbox 173 2057 962 2142; baseline 0.01 -26"><span class='ocrx_word' id='word_1_122' title='bbox 173 2057 299 2135; x_wconf 81' lang='lat' dir='ltr'>Sanguis</span> <span class='ocrx_word' id='word_1_123' title='bbox 320 2061 409 2121; x_wconf 89' lang='lat' dir='ltr'>hebet</span> <span class='ocrx_word' id='word_1_124' title='bbox 429 2063 525 2136; x_wconf 82' lang='lat' dir='ltr'>lustu,</span> <span class='ocrx_word' id='word_1_125' title='bbox 546 2063 643 2140; x_wconf 79' lang='lat' dir='ltr'>magui</span> <span class='ocrx_word' id='word_1_126' title='bbox 664 2062 701 2123; x_wconf 84' lang='lat' dir='ltr'>de</span> <span class='ocrx_word' id='word_1_127' title='bbox 721 2063 813 2142; x_wconf 78' lang='lat' dir='ltr'>stirpe</span> <span class='ocrx_word' id='word_1_128' title='bbox 833 2072 962 2125; x_wconf 85' lang='lat' dir='ltr'>ereetum</span> 
     </span>
     <span class='ocr_line' id='line_1_21' title="bbox 174 2139 870 2227; baseline 0.007 -25"><span class='ocrx_word' id='word_1_129' title='bbox 174 2139 295 2203; x_wconf 86' lang='lat' dir='ltr'>Oeneos</span> <span class='ocrx_word' id='word_1_130' title='bbox 314 2155 344 2205; x_wconf 92' lang='lat' dir='ltr'>et</span> <span class='ocrx_word' id='word_1_131' title='bbox 363 2144 448 2207; x_wconf 82' lang='lat' dir='ltr'>Marti</span> <span class='ocrx_word' id='word_1_132' title='bbox 467 2164 526 2208; x_wconf 93' lang='lat' dir='ltr'>non</span> <span class='ocrx_word' id='word_1_133' title='bbox 544 2147 727 2225; x_wconf 77' lang='lat' dir='ltr'>degenerare</span> <span class='ocrx_word' id='word_1_134' title='bbox 749 2158 870 2227; x_wconf 85' lang='lat' dir='ltr'>paterno</span> 
     </span>
     <span class='ocr_line' id='line_1_22' title="bbox 175 2229 1169 2313; baseline 0.008 -25"><span class='ocrx_word' id='word_1_135' title='bbox 175 2229 340 2308; x_wconf 65' lang='lat' dir='ltr'>Accipies!</span> <span class='ocrx_word' id='word_1_136' title='bbox 361 2264 404 2275; x_wconf 87' lang='lat'>—-</span> <span class='ocrx_word' id='word_1_137' title='bbox 424 2230 500 2293; x_wconf 69' lang='lat' dir='ltr'>‘Neo</span> <span class='ocrx_word' id='word_1_138' title='bbox 520 2249 576 2294; x_wconf 90' lang='lat' dir='ltr'>nos</span> <span class='ocrx_word' id='word_1_139' title='bbox 596 2232 684 2293; x_wconf 86' lang='lat' dir='ltr'>animi</span> <span class='ocrx_word' id='word_1_140' title='bbox 703 2250 760 2295; x_wconf 86' lang='lat' dir='ltr'>neo</span> <span class='ocrx_word' id='word_1_141' title='bbox 782 2233 884 2313; x_wconf 79' lang='lat' dir='ltr'>stirpis</span> <span class='ocrx_word' id='word_1_142' title='bbox 900 2236 1043 2310; x_wconf 69' lang='lat' dir='ltr'>egeamus,²</span> <span class='ocrx_word' id='word_1_143' title='bbox 1116 2242 1169 2298; x_wconf 73' lang='lat'>465</span> 
     </span>
     <span class='ocr_line' id='line_1_23' title="bbox 175 2313 963 2392; baseline 0.005 -19"><span class='ocrx_word' id='word_1_144' title='bbox 175 2313 234 2374; x_wconf 84' lang='lat' dir='ltr'>lile</span> <span class='ocrx_word' id='word_1_145' title='bbox 251 2314 344 2375; x_wconf 79' lang='lat' dir='ltr'><strong>refert</strong></span> <span class='ocrx_word' id='word_1_146' title='bbox 365 2326 482 2392; x_wconf 67' lang='lat' dir='ltr'>uonna,</span> <span class='ocrx_word' id='word_1_147' title='bbox 502 2317 558 2378; x_wconf 87' lang='lat' dir='ltr'>sed</span> <span class='ocrx_word' id='word_1_148' title='bbox 578 2335 660 2378; x_wconf 85' lang='lat' dir='ltr'>mens</span> <span class='ocrx_word' id='word_1_149' title='bbox 681 2316 737 2377; x_wconf 85' lang='lat' dir='ltr'>sibi</span> <span class='ocrx_word' id='word_1_150' title='bbox 757 2319 876 2379; x_wconf 81' lang='lat' dir='ltr'>conseia</span> <span class='ocrx_word' id='word_1_151' title='bbox 893 2317 963 2379; x_wconf 85' lang='lat' dir='ltr'>faeti</span> 
     </span>
     <span class='ocr_line' id='line_1_24' title="bbox 177 2397 1031 2480; baseline 0.004 -22"><span class='ocrx_word' id='word_1_152' title='bbox 177 2397 335 2460; x_wconf 79' lang='lat' dir='ltr'>cunctatur</span> <span class='ocrx_word' id='word_1_153' title='bbox 355 2401 492 2479; x_wconf 76' lang='lat' dir='ltr'>proferre</span> <span class='ocrx_word' id='word_1_154' title='bbox 508 2410 630 2480; x_wconf 84' lang='lat' dir='ltr'>patrem.</span> <span class='ocrx_word' id='word_1_155' title='bbox 675 2402 755 2463; x_wconf 85' lang='lat' dir='ltr'>Tune</span> <span class='ocrx_word' id='word_1_156' title='bbox 776 2403 852 2464; x_wconf 87' lang='lat' dir='ltr'>mitis</span> <span class='ocrx_word' id='word_1_157' title='bbox 872 2401 1031 2463; x_wconf 77' lang='lat' dir='ltr'>Adrastus:</span> 
     </span>
    </p>
   </div>
   <div class='ocr_carea' id='block_1_3' title="bbox 73 2482 1066 2567">
    <p class='ocr_par' dir='ltr' id='par_1_3' title="bbox 73 2482 1066 2567">
     <span class='ocr_line' id='line_1_25' title="bbox 73 2482 1066 2567; baseline 0.007 -25"><span class='ocrx_word' id='word_1_158' title='bbox 73 2519 75 2524; x_wconf 93' lang='lat'>-</span> <span class='ocrx_word' id='word_1_159' title='bbox 176 2482 280 2544; x_wconf 72' lang='lat' dir='ltr'>‘Immo</span> <span class='ocrx_word' id='word_1_160' title='bbox 301 2486 395 2563; x_wconf 78' lang='lat' dir='ltr'>agite,</span> <span class='ocrx_word' id='word_1_161' title='bbox 418 2494 448 2547; x_wconf 89' lang='lat' dir='ltr'>et</span> <span class='ocrx_word' id='word_1_162' title='bbox 469 2487 593 2565; x_wconf 64' lang='lat' dir='ltr'>pomus,</span> <span class='ocrx_word' id='word_1_163' title='bbox 614 2506 685 2567; x_wconf 80' lang='lat' dir='ltr'>quas</span> <span class='ocrx_word' id='word_1_164' title='bbox 703 2504 763 2549; x_wconf 79' lang='lat' dir='ltr'>nox</span> <span class='ocrx_word' id='word_1_165' title='bbox 781 2488 956 2567; x_wconf 82' lang='lat' dir='ltr'>inopinaque</span> <span class='ocrx_word' id='word_1_166' title='bbox 975 2486 1066 2549; x_wconf 82' lang='lat' dir='ltr'>suasit</span> 
     </span>
    </p>
   </div>
   <div class='ocr_carea' id='block_1_4' title="bbox 173 2569 1172 3753">
    <p class='ocr_par' dir='ltr' id='par_1_4' title="bbox 175 2569 1171 3327">
     <span class='ocr_line' id='line_1_26' title="bbox 176 2569 900 2651; baseline 0.007 -24"><span class='ocrx_word' id='word_1_167' title='bbox 176 2569 237 2628; x_wconf 81' lang='lat' dir='ltr'>Aut</span> <span class='ocrx_word' id='word_1_168' title='bbox 257 2570 348 2629; x_wconf 86' lang='lat' dir='ltr'>uirtus</span> <span class='ocrx_word' id='word_1_169' title='bbox 369 2579 417 2631; x_wconf 91' lang='lat' dir='ltr'>aut</span> <span class='ocrx_word' id='word_1_170' title='bbox 438 2572 497 2647; x_wconf 86' lang='lat' dir='ltr'>ira,</span> <span class='ocrx_word' id='word_1_171' title='bbox 517 2572 619 2651; x_wconf 81' lang='lat' dir='ltr'>minuis,</span> <span class='ocrx_word' id='word_1_172' title='bbox 641 2573 791 2633; x_wconf 86' lang='lat' dir='ltr'>suoeedite</span> <span class='ocrx_word' id='word_1_173' title='bbox 810 2581 900 2635; x_wconf 83' lang='lat' dir='ltr'>teoto.</span> 
     </span>
     <span class='ocr_line' id='line_1_27' title="bbox 175 2652 1171 2735; baseline 0.005 -21"><span class='ocrx_word' id='word_1_174' title='bbox 175 2653 238 2728; x_wconf 85' lang='lat' dir='ltr'>iam</span> <span class='ocrx_word' id='word_1_175' title='bbox 260 2656 368 2733; x_wconf 90' lang='lat' dir='ltr'>pariter</span> <span class='ocrx_word' id='word_1_176' title='bbox 387 2652 491 2717; x_wconf 87' lang='lat' dir='ltr'>eoeant</span> <span class='ocrx_word' id='word_1_177' title='bbox 514 2656 672 2718; x_wconf 86' lang='lat' dir='ltr'>animorum</span> <span class='ocrx_word' id='word_1_178' title='bbox 692 2659 721 2717; x_wconf 93' lang='lat' dir='ltr'>in</span> <span class='ocrx_word' id='word_1_179' title='bbox 745 2658 870 2735; x_wconf 77' lang='lat' dir='ltr'>pignora</span> <span class='ocrx_word' id='word_1_180' title='bbox 890 2656 1021 2717; x_wconf 76' lang='lat' dir='ltr'>dextrae.</span> <span class='ocrx_word' id='word_1_181' title='bbox 1117 2664 1171 2719; x_wconf 83' lang='lat'>470</span> 
     </span>
     <span class='ocr_line' id='line_1_28' title="bbox 175 2737 953 2821; baseline 0.003 -23"><span class='ocrx_word' id='word_1_182' title='bbox 175 2737 243 2798; x_wconf 84' lang='lat' dir='ltr'>Non</span> <span class='ocrx_word' id='word_1_183' title='bbox 263 2738 339 2800; x_wconf 85' lang='lat' dir='ltr'>haee</span> <span class='ocrx_word' id='word_1_184' title='bbox 359 2741 504 2802; x_wconf 84' lang='lat' dir='ltr'>ineassum</span> <span class='ocrx_word' id='word_1_185' title='bbox 525 2740 658 2821; x_wconf 82' lang='lat' dir='ltr'>divisque</span> <span class='ocrx_word' id='word_1_186' title='bbox 680 2740 850 2802; x_wconf 83' lang='lat' dir='ltr'>absentibus</span> <span class='ocrx_word' id='word_1_187' title='bbox 871 2748 953 2802; x_wconf 88' lang='lat' dir='ltr'>aute:</span> 
     </span>
     <span class='ocr_line' id='line_1_29' title="bbox 177 2823 971 2905; baseline 0.003 -21"><span class='ocrx_word' id='word_1_188' title='bbox 177 2823 291 2885; x_wconf 78' lang='lat' dir='ltr'>Forsan</span> <span class='ocrx_word' id='word_1_189' title='bbox 312 2833 342 2885; x_wconf 88' lang='lat' dir='ltr'>et</span> <span class='ocrx_word' id='word_1_190' title='bbox 362 2824 414 2888; x_wconf 82' lang='lat' dir='ltr'>has</span> <span class='ocrx_word' id='word_1_191' title='bbox 437 2835 576 2886; x_wconf 80' lang='lat' dir='ltr'>uenturum</span> <span class='ocrx_word' id='word_1_192' title='bbox 597 2844 679 2886; x_wconf 88' lang='lat' dir='ltr'>amor</span> <span class='ocrx_word' id='word_1_193' title='bbox 698 2825 882 2905; x_wconf 81' lang='lat' dir='ltr'>praerniserit</span> <span class='ocrx_word' id='word_1_194' title='bbox 901 2825 971 2901; x_wconf 77' lang='lat' dir='ltr'>iras,</span> 
     </span>
     <span class='ocr_line' id='line_1_30' title="bbox 176 2908 958 2971; baseline 0.004 -3"><span class='ocrx_word' id='word_1_195' title='bbox 176 2908 217 2969; x_wconf 85' lang='lat' dir='ltr'>Ut</span> <span class='ocrx_word' id='word_1_196' title='bbox 236 2911 400 2969; x_wconf 90' lang='lat' dir='ltr'>meminisse</span> <span class='ocrx_word' id='word_1_197' title='bbox 419 2911 522 2971; x_wconf 63' lang='lat' dir='ltr'>iuvet!</span> <span class='ocrx_word' id='word_1_198' title='bbox 564 2909 629 2971; x_wconf 87' lang='lat' dir='ltr'>Nee</span> <span class='ocrx_word' id='word_1_199' title='bbox 647 2928 722 2970; x_wconf 82' lang='lat' dir='ltr'>rana</span> <span class='ocrx_word' id='word_1_200' title='bbox 743 2926 821 2970; x_wconf 84' lang='lat' dir='ltr'>voee</span> <span class='ocrx_word' id='word_1_201' title='bbox 839 2909 958 2971; x_wconf 85' lang='lat' dir='ltr'>iooutus</span> 
     </span>
     <span class='ocr_line' id='line_1_31' title="bbox 176 2992 1128 3074; baseline 0.001 -21"><span class='ocrx_word' id='word_1_202' title='bbox 176 2992 249 3054; x_wconf 79' lang='lat' dir='ltr'>Fata</span> <span class='ocrx_word' id='word_1_203' title='bbox 265 3012 373 3073; x_wconf 85' lang='lat' dir='ltr'>senex,</span> <span class='ocrx_word' id='word_1_204' title='bbox 392 2995 534 3074; x_wconf 86' lang='lat' dir='ltr'>siquidem</span> <span class='ocrx_word' id='word_1_205' title='bbox 549 2995 624 3055; x_wconf 86' lang='lat' dir='ltr'>hano</span> <span class='ocrx_word' id='word_1_206' title='bbox 638 2994 793 3074; x_wconf 81' lang='lat' dir='ltr'>perhibent</span> <span class='ocrx_word' id='word_1_207' title='bbox 808 3004 876 3073; x_wconf 85' lang='lat' dir='ltr'>post</span> <span class='ocrx_word' id='word_1_208' title='bbox 891 2994 1011 3057; x_wconf 83' lang='lat' dir='ltr'>uulnera</span> <span class='ocrx_word' id='word_1_209' title='bbox 1024 2996 1128 3057; x_wconf 84' lang='lat' dir='ltr'>iuuetis</span> 
     </span>
     <span class='ocr_line' id='line_1_32' title="bbox 177 3077 1170 3159; baseline 0.004 -22"><span class='ocrx_word' id='word_1_210' title='bbox 177 3077 255 3138; x_wconf 88' lang='lat' dir='ltr'>Esse</span> <span class='ocrx_word' id='word_1_211' title='bbox 274 3079 374 3156; x_wconf 84' lang='lat' dir='ltr'>iidem,</span> <span class='ocrx_word' id='word_1_212' title='bbox 399 3088 504 3159; x_wconf 86' lang='lat' dir='ltr'>quanta</span> <span class='ocrx_word' id='word_1_213' title='bbox 525 3082 661 3159; x_wconf 72' lang='lat' dir='ltr'>matun</span> <span class='ocrx_word' id='word_1_214' title='bbox 680 3088 811 3141; x_wconf 83' lang='lat' dir='ltr'>extrema</span> <span class='ocrx_word' id='word_1_215' title='bbox 833 3088 973 3159; x_wconf 78' lang='lat' dir='ltr'>proterve</span> <span class='ocrx_word' id='word_1_216' title='bbox 1116 3088 1170 3143; x_wconf 75' lang='lat' dir='ltr'>tte</span> 
     </span>
     <span class='ocr_line' id='line_1_33' title="bbox 179 3162 944 3241; baseline 0.005 -19"><span class='ocrx_word' id='word_1_217' title='bbox 179 3162 296 3224; x_wconf 79' lang='lat' dir='ltr'>Thesea</span> <span class='ocrx_word' id='word_1_218' title='bbox 315 3162 461 3241; x_wconf 76' lang='lat' dir='ltr'>Pirithoo,</span> <span class='ocrx_word' id='word_1_219' title='bbox 481 3165 531 3225; x_wconf 84' lang='lat' dir='ltr'>rel</span> <span class='ocrx_word' id='word_1_220' title='bbox 551 3167 663 3225; x_wconf 89' lang='lat' dir='ltr'>inanem</span> <span class='ocrx_word' id='word_1_221' title='bbox 685 3164 789 3225; x_wconf 72' lang='lat' dir='ltr'>mentes</span> <span class='ocrx_word' id='word_1_222' title='bbox 810 3162 944 3226; x_wconf 82' lang='lat' dir='ltr'>Orestem</span> 
     </span>
     <span class='ocr_line' id='line_1_34' title="bbox 177 3246 932 3327; baseline 0.004 -20"><span class='ocrx_word' id='word_1_223' title='bbox 177 3246 323 3327; x_wconf 78' lang='lat' dir='ltr'>Opposito</span> <span class='ocrx_word' id='word_1_224' title='bbox 344 3248 473 3310; x_wconf 88' lang='lat' dir='ltr'>rabidam</span> <span class='ocrx_word' id='word_1_225' title='bbox 494 3249 604 3325; x_wconf 69' lang='lat' dir='ltr'>Pylade</span> <span class='ocrx_word' id='word_1_226' title='bbox 624 3252 733 3310; x_wconf 83' lang='lat' dir='ltr'>vitasse</span> <span class='ocrx_word' id='word_1_227' title='bbox 755 3247 932 3327; x_wconf 73' lang='lat' dir='ltr'>Megaeram.</span> 
     </span>
    </p>

    <p class='ocr_par' dir='ltr' id='par_1_5' title="bbox 173 3332 1172 3753">
     <span class='ocr_line' id='line_1_35' title="bbox 242 3332 1119 3413; baseline 0.002 -20"><span class='ocrx_word' id='word_1_228' title='bbox 242 3332 323 3393; x_wconf 85' lang='lat' dir='ltr'>Tune</span> <span class='ocrx_word' id='word_1_229' title='bbox 342 3340 459 3413; x_wconf 87' lang='lat' dir='ltr'>quoque</span> <span class='ocrx_word' id='word_1_230' title='bbox 479 3334 653 3396; x_wconf 75' lang='lat' dir='ltr'>mulcentem</span> <span class='ocrx_word' id='word_1_231' title='bbox 674 3334 759 3395; x_wconf 86' lang='lat' dir='ltr'>dietis</span> <span class='ocrx_word' id='word_1_232' title='bbox 781 3333 871 3395; x_wconf 79' lang='lat' dir='ltr'>eorda</span> <span class='ocrx_word' id='word_1_233' title='bbox 890 3338 996 3413; x_wconf 80' lang='lat' dir='ltr'>aspera</span> <span class='ocrx_word' id='word_1_234' title='bbox 1016 3353 1119 3413; x_wconf 81' lang='lat' dir='ltr'>rogem</span> 
     </span>
     <span class='ocr_line' id='line_1_36' title="bbox 177 3417 908 3481; baseline -0.004 -1"><span class='ocrx_word' id='word_1_235' title='bbox 177 3417 237 3480; x_wconf 82' lang='lat' dir='ltr'>lam</span> <span class='ocrx_word' id='word_1_236' title='bbox 255 3417 360 3479; x_wconf 87' lang='lat' dir='ltr'>iaeiles</span> <span class='ocrx_word' id='word_1_237' title='bbox 376 3452 419 3466; x_wconf 73' lang='lat'>—</span> <span class='ocrx_word' id='word_1_238' title='bbox 441 3420 535 3479; x_wconf 85' lang='lat' dir='ltr'>ventis</span> <span class='ocrx_word' id='word_1_239' title='bbox 556 3429 587 3480; x_wconf 90' lang='lat' dir='ltr'>ut</span> <span class='ocrx_word' id='word_1_240' title='bbox 608 3420 757 3481; x_wconf 76' lang='lat' dir='ltr'>decertata</span> <span class='ocrx_word' id='word_1_241' title='bbox 777 3417 908 3479; x_wconf 87' lang='lat' dir='ltr'>residunt</span> 
     </span>
     <span class='ocr_line' id='line_1_37' title="bbox 173 3503 1172 3583; baseline 0.005 -20"><span class='ocrx_word' id='word_1_242' title='bbox 173 3503 329 3583; x_wconf 78' lang='lat' dir='ltr'>Aequora,</span> <span class='ocrx_word' id='word_1_243' title='bbox 352 3504 515 3583; x_wconf 83' lang='lat' dir='ltr'>laxatisque</span> <span class='ocrx_word' id='word_1_244' title='bbox 541 3504 589 3565; x_wconf 83' lang='lat' dir='ltr'>diu</span> <span class='ocrx_word' id='word_1_245' title='bbox 609 3514 706 3565; x_wconf 80' lang='lat' dir='ltr'>tamen</span> <span class='ocrx_word' id='word_1_246' title='bbox 722 3522 794 3565; x_wconf 84' lang='lat' dir='ltr'>aura</span> <span class='ocrx_word' id='word_1_247' title='bbox 813 3512 964 3583; x_wconf 68' lang='lat' dir='ltr'>sumentes</span> <span class='ocrx_word' id='word_1_248' title='bbox 1121 3513 1172 3568; x_wconf 78' lang='lat'>480</span> 
     </span>
     <span class='ocr_line' id='line_1_38' title="bbox 176 3586 903 3670; baseline 0.001 -23"><span class='ocrx_word' id='word_1_249' title='bbox 176 3586 332 3648; x_wconf 81' lang='lat' dir='ltr'>inmoritur</span> <span class='ocrx_word' id='word_1_250' title='bbox 352 3587 446 3670; x_wconf 79' lang='lat' dir='ltr'>velis,</span> <span class='ocrx_word' id='word_1_251' title='bbox 466 3622 509 3632; x_wconf 90' lang='lat'>-</span> <span class='ocrx_word' id='word_1_252' title='bbox 529 3591 611 3669; x_wconf 78' lang='lat' dir='ltr'>passi</span> <span class='ocrx_word' id='word_1_253' title='bbox 632 3589 751 3650; x_wconf 82' lang='lat' dir='ltr'>subiere</span> <span class='ocrx_word' id='word_1_254' title='bbox 773 3598 903 3669; x_wconf 81' lang='lat' dir='ltr'>penates.</span> 
     </span>
     <span class='ocr_line' id='line_1_39' title="bbox 176 3670 949 3753; baseline 0.001 -20"><span class='ocrx_word' id='word_1_255' title='bbox 176 3670 231 3735; x_wconf 83' lang='lat' dir='ltr'>Hie</span> <span class='ocrx_word' id='word_1_256' title='bbox 249 3673 370 3752; x_wconf 84' lang='lat' dir='ltr'>primum</span> <span class='ocrx_word' id='word_1_257' title='bbox 390 3672 515 3734; x_wconf 85' lang='lat' dir='ltr'>lustrare</span> <span class='ocrx_word' id='word_1_258' title='bbox 537 3674 632 3735; x_wconf 81' lang='lat' dir='ltr'>oeulis</span> <span class='ocrx_word' id='word_1_259' title='bbox 648 3675 803 3753; x_wconf 81' lang='lat' dir='ltr'>multusque</span> <span class='ocrx_word' id='word_1_260' title='bbox 824 3675 949 3735; x_wconf 87' lang='lat' dir='ltr'>virorum</span> 
     </span>
    </p>
   </div>
   <div class='ocr_carea' id='block_1_5' title="bbox 0 0 1426 4300">
    <p class='ocr_par' dir='ltr' id='par_1_6' title="bbox 0 0 1426 4300">
     <span class='ocr_line' id='line_1_40' title="bbox 0 0 1426 4300; baseline 0 0"><span class='ocrx_word' id='word_1_261' title='bbox 0 0 1426 4300; x_wconf 95' lang='lat' dir='ltr'> </span> 
     </span>
    </p>
   </div>
  </div>
 </body>
</html>
