2842 4300
219 354 281 415 270
568 368 600 417 r.
622 368 757 417 11111111
777 370 895 419 suarm

216 522 375 603 Hippolyte
397 531 520 590 turmas:
541 526 649 587 retinet
669 528 726 587 iarn
748 535 828 587 certa
849 526 987 587 tumentis

217 612 296 689 Spes
317 609 408 684 uteri,
432 610 597 689 coniuxque
619 621 704 691 rogat
723 611 868 671 dimittere
889 630 976 671 curas

215 692 316 753 hlartis
339 703 369 753 et
390 696 525 753 emeritas
547 694 674 755 thalamo
696 714 816 755 sacrare
837 696 1001 777 pharetras.

282 776 342 837 llos
362 777 412 837 ubi
433 778 513 838 velle
536 780 615 839 acies
639 790 668 840 et
689 780 767 841 dulci
789 781 921 858 gliscere
944 781 1027 840 ierro

216 863 284 923 Dux
304 862 401 937 videt,
426 872 515 941 utque
539 866 595 943 piis
617 866 721 944 raptim
744 866 812 925 dent
834 866 936 926 osculo
958 867 1036 925 natis
1183 874 1233 930 6111

215 947 436 1027 Amplexusqoe
460 948 585 1025 breves,
609 968 695 1010 curru
716 952 760 1009 sio
781 951 857 1011 latur
878 950 915 1011 ab
937 950 1013 1010 alto:

216 1032 391 1093 ‘Terrarum
413 1032 499 1109 leges
520 1042 549 1093 et
570 1034 666 1095 mundi
687 1034 813 1095 foedera
833 1052 947 1095 mecum

214 1118 383 1178 Defensura
405 1134 521 1193 manus,
544 1118 646 1197 dignas
669 1118 803 1179 insumite
826 1129 939 1180 mentes

217 1202 394 1281 Coeptibus;
419 1200 475 1261 hac
497 1220 610 1263 omnem
631 1205 786 1283 dirumque
808 1204 1014 1284 hominumque
1035 1203 1182 1266 favorem

213 1286 411 1366 Naturamque
434 1286 536 1347 duoem
559 1299 721 1369 coetusque
743 1288 857 1349 silentis
875 1290 984 1349 Averni
1183 1302 1231 1355 645
1308 1337 1309 1350 r

215 1374 301 1433 Stare
323 1372 419 1451 palam
441 1380 500 1438 est:
522 1373 585 1433 illic
605 1374 766 1434 Poenarum
789 1376 919 1434 exercita
938 1372 1050 1433 Thebis
1308 1377 1309 1380 ’

215 1457 355 1535 Agmina,
379 1465 408 1515 et
430 1459 620 1534 anguicomae
643 1458 749 1519 ducent
768 1458 879 1519 vexilla
899 1476 1031 1519 sorores.

214 1540 259 1602 lte
280 1542 394 1601 alacres
415 1550 587 1622 tantaeque,
612 1560 739 1622 precor,
762 1544 900 1604 confidite
921 1548 1054 1603 causae!

280 1626 374 1702 Dixit,
398 1635 428 1685 et
449 1629 555 1688 emissa
576 1646 723 1707 praeceps
742 1629 801 1690 iter
817 1628 936 1689 inchoat
955 1628 1046 1689 basta.

215 1710 316 1785 Qualis
337 1710 547 1789 Hyperboreos
568 1712 617 1772 ubi
638 1712 754 1773 nubilus
773 1714 876 1773 institit
898 1730 970 1772 axes
1183 1724 1235 1778 650

214 1794 348 1874 luppiter
369 1805 399 1855 et
418 1798 508 1874 prima
529 1798 696 1857 tremefecit
718 1798 813 1859 sidera
834 1798 949 1863 broma:

214 1880 366 1959 Rumpitur
386 1879 509 1957 Aeolia,
533 1890 563 1941 et
584 1882 701 1960 longam
724 1882 870 1959 indignata
892 1882 1019 1960 quietem

215 1964 305 2024 Tollit
325 1966 417 2025 hiems
440 1968 550 2025 animos
570 1976 754 2045 ventosaque
775 1968 872 2027 sibilat
892 1967 1010 2026 Arctos.

216 2048 296 2109 Tunc
317 2060 430 2109 montes
452 2052 605 2129 undaeque
626 2050 768 2126 fremunt,
789 2062 859 2112 tunc
880 2050 995 2130 proelia
1017 2056 1125 2113 caesis

214 2133 345 2195 Nubibus
365 2144 394 2194 et
415 2136 538 2196 tonitrus
560 2137 719 2217 insanaque
740 2136 857 2196 fulmina
876 2136 1013 2214 gaudent.
1186 2149 1236 2204 655

277 2219 337 2280 lota
360 2222 450 2297 gemit
467 2220 573 2299 tellus,
597 2223 706 2281 virides
728 2223 828 2299 gravis
848 2223 955 2300 ungula
971 2218 1104 2302 ¹campos
1299 2224 1303 2235 '

213 2303 320 2380 Mutat,
344 2315 373 2364 et
395 2307 550 2365 innumeris
572 2307 760 2386 peditumque
783 2308 968 2386 equitumque
988 2313 1127 2368 catervis

212 2387 335 2468 Expirat
357 2391 495 2469 protritus
516 2409 604 2470 ager,
628 2409 685 2450 nec
705 2392 828 2470 pulvere
850 2407 952 2451 crasso

213 2475 367 2534 Armorum
392 2475 442 2534 lox
462 2477 539 2536 victa
562 2478 654 2555 perit,
678 2477 782 2536 sedin
804 2477 923 2536 aethera
944 2475 1064 2554 longum
1308 2528 1309 2544 ,

212 2559 380 2636 Frangitur,
405 2568 435 2618 et
455 2559 558 2620 mediis
580 2561 683 2621 ardent
703 2562 732 2620 in
753 2559 875 2620 nubibus
898 2560 1008 2620 hastae.
1183 2574 1236 2628 660
1308 2556 1309 2619 ζ

211 2645 337 2706 Noctem
358 2645 433 2705 adeo
455 2645 645 2724 placidasque
668 2648 754 2725 operi
771 2648 892 2705 iunxere
915 2645 1056 2706 tenebras
1308 2638 1309 2660 ¹

213 2730 425 2809 certamenque
445 2732 558 2790 inmane
579 2731 666 2808 viris,
690 2747 748 2809 quo
771 2733 885 2790 concita
907 2729 1027 2789 tendant

210 2816 350 2894 Agmina,
374 2817 438 2894 quis
458 2817 539 2874 visas
559 2816 723 2894 proclamet
743 2814 780 2876 ab
803 2833 914 2894 aggere
933 2813 1064 2891 Thebas,

214 2898 302 2960 liuius
323 2903 351 2959 in
375 2900 490 2978 Ogygio
512 2909 570 2959 stet
591 2901 730 2978 princeps
751 2901 854 2960 lancea
876 2915 966 2959 moro.

274 2984 313 3044 At
332 2985 436 3063 procul
458 2985 568 3062 ingenti
588 2983 750 3064 Neptunius
772 2987 885 3062 agmina
907 2984 1041 3044 Theseos
1184 3001 1236 3056 555
1292 2976 1301 3039 1

210 3069 356 3147 Angustat
376 3069 490 3148 clipeo,
515 3071 713 3150 propriaeque
737 3069 859 3130 exordia
881 3069 974 3130 laudis
1063 3094 1066 3102 ·

213 3153 334 3212 Centum
355 3153 445 3213 urbes
465 3154 590 3214 umbone
610 3159 688 3234 gerit
710 3165 892 3234 centenaque
912 3151 1019 3213 Cretae

210 3235 343 3312 hloenia,
367 3257 458 3316 seque
481 3242 574 3318 ipsum
595 3241 752 3300 monstrosi
773 3240 942 3316 ambagibus
965 3241 1039 3298 antri

210 3322 329 3401 Hispida
351 3332 534 3401 torquentem
556 3325 690 3385 luctantis
714 3325 790 3384 colla
813 3325 938 3396 iuvenci,
977 3344 981 3356 =

211 3407 408 3486 Alternasque
427 3425 528 3468 manus
550 3412 657 3470 circum
679 3420 710 3470 et
729 3411 841 3473 nodosa
861 3410 1006 3488 ligantem·
1078 3421 1082 3435 ·
1163 3423 1238 3478 -670

209 3490 331 3551 Brachia
354 3501 383 3550 et
404 3492 530 3553 abducto
551 3497 687 3555 vitantem
711 3512 819 3556 cornua
839 3495 989 3554 vultos-0>
1012 3508 1031 3536 ³¹
1069 3504 1098 3533 ·¹'

211 3573 320 3633 Terror
341 3575 429 3634 habet
450 3577 594 3655 populos,
618 3597 703 3658 quum
727 3589 829 3658 septus
847 3578 1081 3658 imaginatorie

209 3655 374 3733 Ingreditur
393 3677 521 3736 pugnas:
546 3661 590 3721 bis
611 3663 726 3725 Thesea
739 3665 853 3744 ‘bisque
872 3673 1016 3726 cnrentas·
1059 3684 1063 3700 ·
1089 3680 1096 3696 ·
