2842 4300
258 370 318 433 118
585 384 617 432 u.
637 380 771 432 rurum
792 380 910 433 sanun
943 378 948 385 ·

256 544 333 605 ‘lion
349 540 469 618 saltem,
488 554 506 601 u
522 553 681 620 maceres,
702 532 848 619 ‘suque-0,
868 531 917 600 e'ui
933 532 1060 620 'ptum
1076 552 1191 604 nustru'
1207 536 1267 607 180'

254 628 358 689 Partus
376 625 487 702 honus,
509 623 665 704 prohibete
683 624 786 702 relus,
808 624 922 685 nume
942 631 1088 705 supremis

255 712 379 774 Invisum
401 711 543 789 exequiis.
589 708 666 785 Quid
687 726 721 770 se
741 709 856 771 inuestu
877 710 991 789 parenti

254 794 360 858 Miscet
381 805 412 857 et
432 796 461 855 in
481 795 590 857 uostris
611 803 762 877 speututur
783 804 814 856 et
835 788 900 873 ipse
918 792 1028 857 ruinis?

257 879 312 941 Cui
333 882 415 958 luget
436 880 590 959 conplexa
612 876 720 940 suosi'
747 880 798 941 Sie
816 879 876 940 latu
896 889 1021 960 repente

256 964 407 1043 Concidit,
429 963 617 1045 abruptisque
640 963 780 1024 obmutuit
799 980 853 1024 ure
874 964 1015 1045 querelis.
1205 973 1257 1029 18⁶

316 1049 382 1111 Nun
402 1068 488 1110 senus
508 1068 543 1111 au
563 1050 657 1129 primu
677 1048 838 1110 inundatum
855 1047 934 1111 laete
954 1046 1125 1127 iuvenem,

258 1134 311 1197 Gui
331 1134 463 1215 trepidae
483 1135 563 1194 uires
585 1142 615 1194 et
636 1133 719 1194 sulus
739 1132 778 1194 ult
798 1132 891 1194 ubere
912 1137 1050 1212 seuque,

256 1224 316 1285 Seu
338 1221 420 1295 iera,
446 1236 499 1280 seu
520 1219 608 1281 duras
629 1218 728 1281 auexit
749 1226 853 1298 peston
871 1216 908 1280 aul
929 1236 1010 1289 aras:
1047 1231 1049 1236 ·

254 1304 339 1367 Nune
360 1304 468 1365 vallem
485 1304 610 1385 spoliata
632 1319 756 1383 parens,
778 1320 854 1363 nunu
871 1301 986 1365 linarlnu
1005 1311 1126 1383 questu,
1332 1305 1333 1348 t

255 1388 339 1451 Nune
362 1392 489 1450 armenta
510 1397 608 1449 movet
627 1402 799 1467 saeuusque
816 1389 979 1465 interrugut
999 1402 1105 1466 agros}
1153 1406 1174 1433 ⁴·
1191 1396 1261 1453 ⁹190
1331 1351 1333 1492 l

256 1473 338 1535 Tune
360 1474 442 1553 piget
463 1473 505 1533 ire
528 1472 659 1550 (lunum,
678 1482 853 1553 moestoque
873 1474 1032 1535 novum
1053 1487 1160 1553 nempe
1332 1537 1333 1546 q

255 1556 326 1619 Exit
349 1566 379 1619 et
400 1558 550 1637 oppositas
570 1558 684 1637 inpasta
705 1558 846 1618 avertitur
861 1556 984 1618 lnerbus.
1207 1578 1212 1591 ·

123 1714 129 1725 Ι
319 1643 358 1703 At
380 1643 496 1723 genitor
518 1644 686 1722 sceptrique
706 1641 798 1703 «leons
818 1642 973 1721 cultusque
994 1640 1135 1704 Turraniis
1332 1651 1333 1668 ³

256 1727 340 1789 Inicit
358 1728 423 1806 ipse
443 1726 546 1805 rugis,
571 1735 716 1806 tergoque
735 1736 765 1787 et
787 1736 911 1805 peoture
930 1727 1025 1789 iusum
1095 1744 1098 1754 ·

258 1812 426 1873 Caesarium
449 1810 529 1872 ferro
552 1811 652 1871 minuit
672 1812 820 1890 sectisque
842 1813 966 1872 iuuentis
1208 1820 1261 1876 lus

258 1896 385 1957 Obnubit
406 1896 503 1957 tenuia
521 1912 574 1956 orn
596 1897 703 1973 sonnis,
724 1911 762 1956 ue
778 1897 848 1957 teliu
865 1895 937 1957 lietu

255 1981 355 2042 Verba
376 1982 425 2061 piu
445 1982 587 2042 misnens:
610 1979 695 2041 ‘Alio
711 1980 782 2057 uui,
803 1981 933 2061 perlitis,
954 1989 1060 2061 purte,
1118 2010 1122 2016 ·

255 2065 401 2147 luppiter,
425 2065 501 2127 hune
520 2066 629 2126 crinem
649 2066 709 2125 uoti
730 2082 800 2124 rsus
821 2074 888 2126 ante
905 2064 1049 2143 (liutran,

256 2155 288 2214 Si
308 2154 417 2231 pariter
437 2152 546 2213 virides
563 2152 622 2212 nati
641 2148 735 2211 libare
756 2149 892 2214 dedisses

255 2237 303 2297 Ad
323 2245 370 2296 tua
393 2236 500 2315 templa
520 2253 632 2315 genas,
654 2235 709 2295 sed
730 2251 789 2294 nun
809 2243 890 2296 ratus
908 2250 962 2295 ure
980 2233 1141 2312 sueardus,
1202 2247 1260 2300 uuu

255 2321 473 2399 Damnataeque
490 2337 615 2400 preses:
636 2319 713 2379 ierat
727 2319 817 2395 lunen,
839 2335 916 2398 quae
930 2319 1047 2397 dignior
1066 2319 1169 2382 umbra
1184 2325 1259 2382 est!

318 2404 377 2464 lanu
395 2403 461 2464 luae
485 2403 616 2464 subiecta
637 2405 737 2483 prinis
757 2405 788 2463 in
807 2403 960 2464 frondibus
978 2404 1056 2483 iguis

256 2486 424 2549 Exclamat:
446 2487 531 2548 lahur
553 2489 670 2550 insanus
693 2505 796 2548 arcere
816 2499 964 2568 pur-entes.
1027 2490 1029 2494 '

258 2574 341 2632 Stant
362 2573 433 2632 iussi
453 2571 560 2650 Danai,
584 2582 670 2652 atque
690 2572 817 2632 obtentis
839 2577 948 2636 eminus
969 2575 1057 2635 mis
1123 2613 1126 2618 -

255 2655 418 2736 Prospectu
439 2659 518 2718 visus
539 2657 733 2720 interclusere
756 2657 881 2718 nefasto.
934 2689 942 2706 ·
1201 2669 1260 2724 uus

254 2741 387 2804 Ditantur
408 2742 554 2804 flammae:
582 2760 640 2803 nun
661 2759 795 2821 umquam
816 2741 982 2822 opulentiur
1001 2741 1066 2805 llliu

163 2824 164 2828 ’
254 2826 331 2887 Ante
353 2828 443 2905 uinis,
467 2829 609 2907 crepitant
627 2842 778 2912 gemmae,
798 2836 887 2906 atque
909 2827 1023 2888 innuun'e'
1044 2825 1185 2907 liquescit

254 2910 432 2990 Argentum,
455 2920 483 2972 et
506 2913 592 2990 piatis
610 2913 717 2974 exudat
736 2911 869 2971 vestibus
887 2928 1000 2980 aurum
1135 2929 1139 2939 ¹

254 2994 319 3056 Neu
340 3013 398 3056 non
417 2994 546 3070 Assyriis
566 2998 759 3076 pinguescunt
779 2995 887 3056 robure
905 2997 1020 3073 sunnis,
1124 3040 1128 3048 .

254 3079 436 3158 Pallentique
457 3094 547 3140 eruco
570 3075 690 3142 strident
711 3079 841 3141 urientiu
860 3081 969 3157 uuellaq
1002 3099 1006 3106 ·
1204 3093 1264 3149 utu

256 3164 487 3243 spumantesque
505 3181 586 3225 meru
611 3175 733 3245 peterse
749 3173 910 3244 verguntur
930 3175 961 3225 et
980 3165 1035 3226 atri

256 3249 409 3324 Sanguinis
431 3257 460 3309 et
479 3251 554 3329 rupti
574 3251 738 3328 gratissima
758 3249 872 3326 nuntia
890 3249 984 3310 lautis.

320 3331 401 3392 Tune
421 3343 533 3412 septem
554 3351 673 3395 nurnero
692 3344 803 3394 tnrrnas
821 3366 865 3380 -
884 3343 1023 3395 centenus
1042 3333 1156 3415 ubique

256 3415 350 3494 Urget
371 3435 462 3495 eques
483 3451 525 3463 —-
546 3422 640 3480 versis
661 3418 768 3480 ‹luunnt
787 3418 947 3496 insignibus
964 3419 1025 3498 ipsi
1065 3446 1069 3457 ·

257 3499 438 3579 Graiugenae
459 3520 563 3579 reges,
586 3502 765 3582 lustrantque
787 3521 825 3563 ex
844 3519 927 3564 mure
948 3504 1066 3563 sinistro
1151 3545 1155 3552 .
1206 3515 1260 3569 215

257 3583 336 3646 Orbe
357 3601 460 3663 rugum
480 3595 510 3646 et
531 3595 640 3648 stantes
659 3587 798 3647 inulinnnt
816 3585 1099 3666 putreue‘uennas.

256 3667 315 3730 'ier
337 3687 442 3732 curuos
462 3686 551 3750 egere
568 3671 665 3752 sinus,
685 3669 829 3753 inlisaque
849 3671 918 3734 telis
957 3682 960 3691 ’
