2842 4300
247 305 306 370 160
439 318 472 366 r.
493 316 627 373 reema
643 316 761 373 ursum
780 316 885 367 rann.
903 318 974 367 cru.
996 318 1059 368 vn.

244 475 409 553 Deceptruu
430 472 500 550 tibi,
522 471 659 550 Phoebe,
683 474 776 535 larem
800 492 972 554 poenasque
993 475 1138 539 mindae

247 559 385 636 Coniugis
407 566 436 618 et
458 557 610 637 pulchrum
630 561 690 619 uati
712 560 885 621 commendo
907 560 1058 621 lusorem!
1082 604 1086 609 -
1117 599 1121 607 ι

307 642 431 704 Desiluit
451 644 822 724 moerens,-lacrimasque
843 646 949 705 avertit
967 644 1089 724 Apollo.

245 729 326 790 'lunc
345 745 416 788 vero
437 729 575 805 ingemuit
596 746 756 808 currusque
776 730 901 809 orbique
917 730 1041 808 iugales.
1194 737 1252 795 000
1329 749 1330 752 ’

244 813 311 874 Non
333 813 418 873 aliter
439 830 530 873 caeco
552 816 685 877 nocturni
706 813 820 874 turbine
843 812 913 873 Cori

245 900 307 960 Scit
328 899 457 977 peritura
477 898 564 973 ratis,
587 916 673 977 quum
694 900 750 959 iam
768 898 899 959 damnata
917 898 1029 959 sororis

245 982 317 1061 lgne
339 982 522 1062 Therapnaei
543 981 681 1059 fugeruut
700 982 823 1043 carbasa
841 983 958 1043 iratres.

245 1066 363 1147 lamque
385 1084 558 1127 recessurae
580 1066 717 1145 paulatim
737 1067 914 1129 horrescere
937 1076 1035 1128 terrae

245 1154 418 1231 Summaque
440 1160 524 1229 terga
544 1152 638 1230 quati,
661 1153 840 1230 graviorque
861 1152 1009 1213 effervere
1028 1152 1124 1232 pulsis
1160 1166 1164 1170 ’
1195 1160 1250 1217 too

245 1236 409 1316 ¹Coeperam
427 1236 540 1296 inferno
561 1236 651 1313 mugit
669 1238 725 1297 iam
741 1254 886 1297 rummare
907 1254 1036 1315 campus.

244 1322 326 1383 Bella
349 1330 449 1400 putant
469 1321 576 1399 trepidi
597 1320 728 1399 bellique
749 1320 825 1381 hunc
847 1340 916 1381 esse
937 1320 1095 1399 fragorem,

244 1406 459 1485 Hortanturque
481 1404 602 1483 gradus;
627 1406 700 1465 alius
723 1414 831 1467 tremor
851 1424 930 1467 arma
949 1408 1089 1485 virosque

244 1491 441 1570 Mirantesque
463 1490 580 1550 inclinat
601 1508 708 1568 equos;
732 1491 789 1551 iam
808 1490 932 1552 frondea
949 1499 1049 1552 nutant

246 1574 392 1652 culmina,
414 1577 470 1635 iam
492 1575 580 1651 muri,
602 1576 734 1653 ripisque
753 1574 884 1635 Ismenos
907 1576 1017 1655 apertis
1194 1585 1252 1641 800

245 1660 369 1737 Effugit;
392 1660 564 1720 exciderunt
584 1660 665 1736 irae,
684 1662 811 1720 nutantia
832 1660 923 1738 figunt
995 1718 998 1722 ,
1067 1673 1083 1727 J

247 1744 318 1805 Tela
341 1745 421 1820 solo,
441 1744 602 1822 dubiasque
624 1746 691 1821 vagi
713 1746 839 1804 nituntur
860 1747 890 1805 in
906 1744 1005 1807 basias

247 1828 383 1891 (lominus
406 1832 492 1907 inque
515 1830 608 1889 vicem
629 1830 693 1890 viso
715 1828 830 1909 pallore
852 1829 1002 1891 recedunt

313 1915 362 1976 Sic
383 1914 431 1973 ubi
452 1913 571 1975 navales
592 1915 696 1974 miscet
719 1932 809 1992 super
828 1930 958 1993 aequora
975 1931 1089 1993 pugnas
1153 1968 1158 1977 .

248 1996 420 2078 Contempto
441 1998 562 2059 bellona
581 2000 667 2075 mari,
688 2001 715 2059 si
731 2000 809 2059 torte
831 1998 958 2076 benigna
1191 2008 1248 2063 800

246 2083 432 2164 Tempestas3
456 2083 511 2143 sibi
535 2085 660 2163 quisque
676 2092 796 2161 cavent,
818 2100 964 2162 ensesque
987 2080 1122 2146 recondit
1232 2128 1236 2135 .

246 2169 326 2230 blors
345 2169 417 2244 alia,
440 2177 469 2228 et
490 2171 563 2228 socii
584 2187 688 2247 pacem
708 2171 811 2230 iecere
831 2171 961 2230 timores.

247 2253 326 2314 Talis
349 2263 410 2314 erat
432 2271 533 2332 campo
555 2253 626 2314 belli
647 2254 783 2314 lluitantis
805 2255 912 2332 image.

310 2339 379 2399 Sive
400 2337 567 2398 laborantes
589 2348 735 2417 concepto
756 2337 872 2398 demine
892 2349 993 2399 terrae

246 2423 407 2482 Ventorum
426 2421 536 2482 rabiem
556 2430 585 2482 et
608 2423 736 2483 clausum
758 2424 876 2485 eiecere
897 2423 1036 2500 furorem,
1195 2432 1249 2490 81⁰

247 2506 354 2568 Exedit
375 2525 429 2567 sen
450 2515 535 2586 putre
558 2506 651 2568 solum
671 2508 839 2587 carpsitque
860 2506 983 2573 terendo

247 2591 330 2653 Unda
351 2592 461 2668 latens,
485 2593 547 2652 sive
568 2591 626 2652 hoc
646 2592 793 2655 volventis
812 2593 943 2654 machina
962 2593 1040 2654 coeli

247 2677 394 2754 Incubuit,
418 2679 480 2738 sive
503 2695 587 2738 omne
605 2677 710 2738 fretum
726 2677 872 2755 Neptunia
889 2680 982 2741 movit

250 2761 356 2842 Cuspis
379 2771 409 2822 et
427 2771 572 2822 extremas
593 2763 711 2839 gravius
732 2780 811 2824 mare
833 2763 918 2825 torsit
936 2764 966 2822 in
983 2780 1073 2839 oras,
1180 2799 1184 2809 ·

249 2848 308 2909 Seu
330 2848 388 2907 vati
409 2847 492 2908 datus
509 2847 563 2908 ille
585 2847 703 2924 fragor,
724 2866 778 2908 seu
799 2856 878 2908 terra
897 2847 1004 2911 mnata
1021 2858 1069 2908 cst
1122 2898 1127 2910 .
1196 2854 1246 2912 illo

248 2931 416 3001 Fratribus3
441 2950 514 2993 ecoe
534 2930 592 2992 alte
613 2949 760 3011 praeceps
781 2931 883 2995 humus
900 2949 954 3001 ore
975 2931 1119 3012 profundo

248 3017 378 3092 Dissilit,
401 3017 488 3094 inquo
509 3018 605 3076 vicem
627 3026 805 3077 tremuerunt
826 3016 924 3080 sidera
945 3027 975 3076 et
996 3017 1126 3079 umbrae.

249 3101 333 3162 Illum
353 3102 457 3178 ingens
478 3100 572 3162 haurit
593 3119 718 3180 specus,
741 3111 772 3162 et
791 3103 914 3162 transire
935 3112 1073 3180 parantes

249 3184 354 3263 blergit
378 3203 487 3266 equos,
511 3204 568 3246 non
589 3205 667 3246 arma
689 3205 790 3263 mann,
812 3202 871 3247 non
891 3185 976 3247 irena
997 3187 1119 3264 remisit,

250 3271 331 3332 Sicut
352 3281 431 3347 erat,
454 3280 553 3332 rectos
574 3269 671 3332 defert
692 3272 722 3330 in
742 3279 851 3332 tartara
870 3288 973 3333 currus
1136 3307 1139 3314 ·
1197 3282 1247 3336 80)

248 3355 450 3436 Respexitque
473 3356 580 3418 cadens
597 3355 713 3418 coelum
735 3371 925 3434 campumque
941 3357 1023 3417 coire
1329 3350 1331 3361 ’

247 3439 407 3520 Ingemuit,
429 3440 525 3502 donec
545 3441 640 3500 levior
660 3440 795 3500 distantia
815 3457 916 3500 rursus

247 3524 361 3588 blisuuit
381 3543 451 3588 arva
474 3535 584 3587 tremor
602 3525 755 3603 lucemque
777 3523 903 3586 exclusit
919 3525 1049 3586 Averno.

639 3667 847 3682 ..ιιι-*-
