2842 4300
149 344 151 349 ¹
257 364 295 428 18
592 379 623 426 P.
645 377 779 426 earnm
801 377 918 428 sunan

255 533 415 612 Porrigitur
436 534 602 614 lassumque
624 535 742 596 inclinat
760 535 796 596 ad
818 551 946 614 aequora
965 543 1103 612 montem,

256 620 409 682 Praeterit.
452 619 527 680 llino
548 629 630 680 arete
652 620 817 699 scopuloso
836 621 865 680 in
887 620 976 680 limite
1001 619 1132 700 pendens
1216 703 1218 709 y

254 703 380 766 lniames
399 704 533 780 Scyrone
546 714 654 784 ‘petras
674 704 870 784 Scyllaeaque
891 721 958 764 rura

248 785 404 870 Purpureo
426 799 547 868 regnata
569 791 632 850 seni
648 790 804 868 mitemque
826 787 985 850 corinthon

255 874 384 954 Linquit,
404 883 434 934 et
455 875 484 934 in
500 874 602 936 mediis
622 874 700 935 audit
721 875 779 934 duo
802 875 888 944 litora
910 874 1031 953 campis.
1198 879 1250 935 335

318 959 436 1038 lamque
458 977 513 1038 per
531 961 643 1019 emeriti
661 977 786 1036 surgens
808 959 931 1030 confinia
952 956 1064 1019 Phoebi

256 1044 381 1120 Titanis,
405 1044 464 1103 late
482 1045 588 1105 mundo
607 1040 749 1104 subvecta
769 1043 864 1104 silenti

254 1128 391 1189 Rorilera
412 1129 540 1206 gelidum
561 1138 732 1189 tenuaverat
756 1147 824 1189 aera
845 1127 922 1206 biga.

254 1215 314 1274 lam
337 1213 468 1292 pecudes
488 1214 685 1293 volucresque
705 1221 821 1291 tacent,
842 1213 898 1272 iam
920 1227 1038 1270 somnus
1062 1211 1157 1271 avaris
1348 1261 1349 1286 q

255 1299 381 1378 lnserpit
403 1299 481 1358 curis
501 1316 670 1379 pronusque
692 1316 748 1377 per
768 1316 837 1359 aera
857 1305 947 1373 nutat,
1199 1303 1252 1358 340
1348 1293 1349 1320 l

255 1384 342 1445 Grata
364 1383 515 1444 laboratae
534 1384 669 1444 referens
691 1382 799 1444 oblivia
820 1383 909 1442 vitae.

255 1469 316 1529 Sed
339 1487 395 1528 nec
408 1463 542 1547 'puniceo
561 1469 718 1529 rediturum
739 1467 837 1528 nubila
859 1466 947 1528 coelo

254 1555 419 1614 Promisere
440 1553 538 1630 iubar,
563 1572 620 1614 nec
640 1552 857 1613 rarescentibus
879 1550 987 1612 umbris

254 1638 354 1716 Longa
374 1655 552 1717 repercusso
574 1639 688 1698 nituere
709 1635 883 1717 crepuscula
905 1633 1035 1697 Phoebo.

253 1722 381 1782 Densior
402 1741 418 1782 a
440 1723 528 1782 terris
544 1732 574 1781 et
593 1721 663 1781 nulli
684 1723 786 1800 pervia
806 1723 939 1782 llammae
1201 1725 1254 1780 345

254 1806 388 1867 Subtexit
408 1821 468 1865 nox
489 1814 550 1865 atra
572 1804 670 1884 polos.
714 1805 773 1888 larn
796 1807 921 1867 claustra
939 1803 1061 1883 rigentis

254 1891 379 1951 Aeoliae
399 1907 542 1969 percussa
563 1897 682 1964 sonant,
706 1899 888 1970 venturaque
909 1906 998 1950 rauco

256 1977 314 2036 0re
336 1977 458 2036 minatur
478 1974 588 2050 hiems,
611 1976 690 2033 venti
709 1983 876 2034 transversa
898 1975 1057 2034 frementes

166 2102 169 2107 -
256 2059 420 2137 Condigunt
442 2075 587 2137 axemque
606 2066 704 2117 emoto
729 2057 845 2117 cardine
865 2058 987 2132 vellunt,

255 2145 330 2207 Dum
350 2144 465 2205 coelum
488 2143 543 2203 sibi
566 2143 689 2221 quisque
709 2143 794 2221 rapit.
839 2141 899 2202 Sed
917 2142 1054 2221 plurimus
1071 2139 1179 2202 Auster
1200 2149 1254 2205 350

183 2244 185 2247 ·
254 2229 432 2308 inglomerat
453 2237 570 2288 noctem
592 2237 622 2287 et
638 2227 796 2287 tenebrosa
818 2227 963 2288 volumina
985 2234 1102 2305 torquet

254 2314 452 2391 Delunditqne
474 2312 601 2388 imbres,
624 2312 705 2371 sicco
728 2328 802 2390 qnos
823 2326 911 2391 asper
931 2311 1009 2371 hiatu

254 2398 419 2459 Persolidat
439 2396 567 2465 Boreas3
591 2414 647 2455 nec
667 2413 725 2455 non
745 2395 867 2475 abrupte
887 2396 1055 2457 tremiscunt

255 2483 401 2560 Fulgura,
423 2489 452 2539 ct
473 2481 588 2540 attritus
610 2477 704 2540 subita
726 2480 793 2540 iace
815 2482 954 2560 rumpitur
973 2481 1085 2541 aether.

254 2568 314 2628 lam
332 2565 461 2642 Nemee,
484 2566 553 2625 iam·
564 2564 724 2623 Taenareis
745 2566 923 2625 contermina
945 2565 1019 2625 lucis
1199 2578 1253 2631 355

254 2650 401 2711 Arcadiae
423 2651 518 2729 capita
539 2650 598 2710 alta
616 2648 748 2719 madent3
772 2651 828 2709 ruit
849 2652 963 2727 agmine
984 2650 1063 2710 iacto

254 2734 394 2812 lnaohns,
416 2744 446 2795 et
469 2734 583 2813 gelidas
604 2752 728 2810 surgens
749 2732 888 2795 Erasinus
910 2734 947 2796 ad
969 2734 1085 2794 Arctos.

254 2820 461 2883 Pulvemlenta
481 2820 562 2898 prius
582 2814 780 2897 calcandaque
804 2818 917 2879 llumina
939 2818 1036 2878 nullae
1138 2824 1140 2829 '

254 2904 422 2983 Aggeribus
443 2913 566 2963 tenuere
586 2920 703 2980 morae,
727 2912 889 2984 stagnoque
910 2902 1009 2963 reluta
1029 2912 1075 2963 est

255 2989 394 3051 Funditus
417 2998 447 3048 et
468 2989 562 3048 veteri
583 2988 728 3067 spumavit
749 2988 842 3049 Lerna
863 3004 989 3049 veneno.
1198 2999 1253 3054 360

253 3074 409 3151 Frangitur
429 3090 513 3133 omne
535 3090 651 3133 nemus:
678 3076 794 3153 rapiunt
814 3074 929 3151 antiqua
950 3073 1101 3151 procellae

253 3158 378 3219 Brachia
399 3158 551 3235 silvamm,
570 3157 715 3237 nullisque
735 3158 876 3238 adspecta
896 3174 951 3236 per
971 3176 1074 3219 aeuum
1089 3163 1126 3211 ’,

255 3242 375 3305 Solibus
396 3242 524 3303 umbrosi
546 3252 667 3322 patuere
689 3244 799 3304 aestivo
816 3242 933 3318 lycaei.

254 3328 309 3388 llle
329 3336 425 3387 tamen
445 3326 533 3387 modo
555 3324 625 3388 saxa
646 3328 723 3405 iugis
746 3328 886 3405 lugientia
906 3328 1002 3406 ruptis

255 3412 390 3489 Miratur,
413 3412 500 3473 modo
521 3411 681 3491 nubigenae
703 3430 720 3471 e
743 3411 886 3473 montibus
907 3430 1005 3473 amnes
1075 3412 1078 3417 '
1199 3424 1252 3481 365
1347 3402 1349 3421 ⁴

255 3498 336 3558 Aure
358 3514 469 3576 pavens
491 3498 657 3578 passimque
677 3498 780 3557 insano
802 3496 916 3557 turbine
937 3506 1036 3577 raptas

256 3583 405 3643 Pastorum
423 3598 622 3663 pecorumque
642 3581 755 3641 domos.
799 3580 864 3642 Nou
886 3584 1005 3661 segnius
1028 3598 1126 3645 amens
1207 3626 1209 3631 -
1244 3626 1248 3633 -

254 3665 443 3748 incertusque
463 3668 529 3730 viae
550 3684 605 3748 per
625 3668 708 3747 nigra
728 3666 842 3729 silentia
861 3678 972 3739 vastum
1178 3662 1181 3667 ’
