2842 4300
263 297 321 359 178
589 315 620 361 n.
645 314 778 363 rnnmn
798 316 916 365 sunum

258 470 384 529 Doricus
404 479 433 529 et
453 471 577 531 tumidos
595 470 684 533 liceat
696 489 881 551 ‘componere
899 473 1027 534 trama?

259 554 340 615 'lolia
362 555 532 632 nectebant,
553 554 648 616 subito
672 576 758 636 quum
774 560 857 636 pigra
880 558 999 619 tumultu

257 638 385 718 Expavit
405 638 521 716 domus,
541 651 569 701 et
589 642 677 702 multo
700 642 807 703 sudore
826 652 966 722 receptus

258 722 363 785 Fertur
382 723 472 803 Atys,
496 728 615 787 servans
636 728 756 786 animam
774 727 831 786 iam
848 729 986 805 sanguine
1007 728 1100 803 nullo,

260 806 314 869 Cui
334 828 433 870 manus
452 812 481 869 in
499 810 603 889 plaga,
624 812 772 891 dependet
790 811 925 890 languida
944 814 1046 872 cervix
1207 823 1260 879 640

257 893 396 955 Exterior
418 896 515 975 clipeo
539 898 693 976 crinesque
714 915 730 956 a
752 896 849 956 fronte
867 897 972 976 supini.

320 980 413 1040 Prima
430 982 511 1041 videt
531 998 684 1060 caramque
705 991 834 1041 tremens
855 981 970 1042 Iocasta
990 982 1116 1043 vocabat

257 1064 400 1126 Ismenen.
441 1065 571 1146 Namque
593 1067 650 1126 boc
672 1066 767 1127 solnm
785 1066 955 1127 moribunda
977 1077 1115 1145 precatur

257 1150 326 1209 Vox
346 1153 464 1227 generi,
488 1152 580 1212 solum
603 1151 660 1211 hoo
681 1150 788 1229 gelidis
808 1153 864 1211 iem
885 1168 991 1212 nornen
1008 1154 1118 1213 inerrat
1200 1210 1205 1220 ,

258 1235 413 1300 Faucibus.
452 1236 623 1297 Exclamant
643 1235 787 1311 famulae,
808 1236 933 1296 tollebat
951 1238 981 1295 in
1002 1254 1055 1297 ora
1208 1247 1261 1305 646
1324 1283 1325 1307 2

258 1321 351 1399 Virgo
373 1340 489 1397 manus,
509 1323 599 1381 tenuit
622 1339 729 1381 saevus
751 1321 860 1399 pudor;
883 1329 1009 1381 attamen
1029 1324 1073 1382 ire

259 1404 397 1485 Cogitur,
419 1406 551 1483 indulget
573 1424 713 1465 summum
729 1406 787 1465 boc
806 1405 922 1466 Iocasta
940 1408 1057 1483 iacenti,

259 1490 449 1570 Ostenditque
471 1492 624 1569 offertque.
669 1488 780 1563 Quater
799 1491 855 1549 iam
875 1500 969 1551 morte
990 1491 1044 1551 sub
1063 1493 1128 1571 ipsa
1324 1547 1325 1550 ,

258 1577 305 1636 Ad
324 1594 429 1635 nomen
450 1578 529 1635 visus
551 1576 725 1653 deiectaque
744 1574 858 1634 fortiter
880 1592 933 1635 ora
1323 1581 1325 1692 p

259 1660 395 1729 Sustulit;
417 1660 495 1720 illam
516 1678 598 1720 unam
620 1660 759 1737 neglecto
779 1659 884 1719 lumine
905 1660 982 1720 coeli
1208 1674 1262 1728 650

257 1745 393 1825 Adspicit
412 1754 441 1805 et
460 1745 540 1804 vultu
559 1762 617 1805 non
640 1746 783 1805 exatiatur
804 1752 910 1805 amato.

259 1830 340 1890 Tunc
363 1831 429 1909 quia
447 1848 502 1889 nec
523 1830 659 1907 genetrix
678 1830 757 1889 iuxta
779 1830 951 1908 positusque
972 1827 1060 1889 beatu

256 1915 351 1976 blorte
373 1924 473 1994 pater,
493 1932 620 1995 sponsae
641 1930 743 1974 munus
765 1914 932 1974 miserabile
953 1914 1079 1989 tradunt,

257 2000 414 2061 Declinere
435 2018 541 2078 genam
565 2000 605 2059 ibi
626 1998 740 2059 demum
761 2008 838 2057 teste
858 2007 973 2057 remoto

258 2084 348 2145 Fessa
369 2086 435 2165 pios
455 2087 579 2164 gemitus
600 2084 793 2163 lacrimasque
814 2084 843 2142 in
863 2084 968 2143 lumina
988 2082 1070 2143 ludit
1207 2096 1260 2149 655
1324 2102 1325 2120 ³

321 2170 452 2248 Dumque
475 2189 510 2230 ea
529 2189 584 2249 per
604 2169 738 2244 Thebas,
761 2169 825 2228 aliis
851 2167 1035 2248 serpentibus
1056 2170 1165 2230 ardens
1269 2213 1276 2232 .

258 2255 295 2315 Et
315 2255 381 2314 iace
399 2264 505 2316 mutata
524 2254 633 2314 bellum
654 2253 817 2331 integrabat
837 2253 932 2330 Enyo.

258 2341 346 2400 Arma
367 2339 481 2415 volunt,
503 2341 612 2418 primos
630 2338 719 2398 veluti
738 2339 825 2398 modo
849 2341 979 2398 cominus
1000 2337 1075 2396 ictus

258 2424 432 2485 Sustulerint
453 2425 602 2502 omnisque
625 2425 777 2482 etiamnum
799 2423 897 2484 luceat
917 2424 1006 2483 ensis.

257 2509 372 2570 Eminet
392 2507 534 2584 Oenides,
555 2507 685 2587 quamvis
706 2515 736 2565 et
757 2507 896 2568 arundine
916 2516 997 2568 certa
1205 2519 1259 2573 660

256 2593 493 2673 Parthenopaeus
513 2603 596 2672 agat,
618 2594 846 2670 morientumque
868 2610 921 2653 ora
942 2592 1047 2652 furenti

256 2679 459 2759 Hippomedon
479 2679 634 2760 proculcet
655 2694 748 2756 equo,
773 2674 967 2756 Capaneaque
990 2677 1075 2755 pinus

154 2780 178 2844 j
257 2764 316 2826 lam
337 2765 442 2845 procul
463 2765 565 2824 Aoniis
585 2763 668 2824 volet
687 2762 873 2840 agnoscenda
895 2763 1032 2822 catervis.

319 2849 437 2926 Tydeos
459 2849 509 2908 illa
532 2847 609 2917 dies;
630 2847 710 2908 illum
731 2847 902 2926 fugiuntque
923 2854 1106 2924 tremuntque

258 2933 450 2994 clamantem:
473 2931 556 3005 ‘Quo
576 2944 659 3010 terga
679 2928 773 2992 datis?
796 2932 866 2992 licet
887 2949 960 2992 ecce
978 2939 1151 3010 peremptos
1206 2944 1258 2998 666

256 3018 367 3078 Ulcisci
382 3019 481 3077 socios
502 3025 700 3096 moestamque
720 3017 885 3096 rependere
906 3025 1032 3076 noctem.

256 3103 311 3164 llle
334 3120 391 3180 ego
411 3101 567 3180 inexpletis
589 3102 669 3162 solus
692 3102 741 3180 qni
762 3102 900 3163 coedibus
921 3101 1004 3161 hausi

258 3187 470 3266 Quinquaginta
488 3189 611 3263 animas,
634 3187 754 3246 totidem
773 3187 950 3265 totidemque
967 3189 1084 3263 gregati

257 3271 345 3332 Ferte
367 3291 476 3333 manus.
522 3271 637 3332 Nulline
659 3281 774 3351 patres,
795 3271 903 3331 nulline
925 3273 1069 3331 iacentum

258 3356 388 3418 Unanimi
410 3355 534 3418 iratres?
556 3375 630 3436 quae
648 3366 725 3417 tauta
748 3355 855 3416 oblivia
878 3351 994 3429 luctus?
1206 3366 1261 3422 670

260 3442 352 3516 Quam
372 3441 460 3522 pudet
482 3441 614 3502 inachiae
635 3451 798 3501 contentum
817 3440 927 3501 abiisse
949 3439 1104 3516 llycenas!

258 3526 331 3588 lline
354 3523 593 3605 super‘lhebis‘l
615 3525 688 3586 haec
706 3525 815 3585 robora
836 3523 937 3603 regis?
957 3524 1006 3585 ubi
1025 3533 1122 3586 autem

259 3610 405 3689 Egregius
428 3610 485 3670 dux
507 3609 557 3670 ille
578 3607 682 3669 mihil'
724 3609 815 3670 Simul
836 3611 938 3672 ordine
960 3610 1045 3672 laeuo
