2842 4300
513 366 714 419 unusmoos
735 368 805 417 urs.
827 368 889 416 vn.
1141 354 1201 417 153

203 522 242 586 Et
259 524 394 585 lacrimas
413 522 466 585 luas
489 522 613 602 quisquc
631 524 725 598 donst,
748 542 800 585 sna
818 521 935 585 -ore‘dite
956 524 1039 585 matri

202 610 338 671 Viscera.
383 609 415 670 Si
436 606 521 669 vobis
538 607 585 667 bic
603 626 696 688 par-ro
718 610 899 687 intempore
922 626 1022 685 carus,

203 696 306 774 Sitque
322 710 446 773 precor,
470 692 538 771 quid
552 710 614 769 mo,
633 710 705 768 oro,
727 690 836 754 decet?
854 694 961 772 quidve
977 695 1049 771 ista,
1072 693 1200 771 Pelasgi,

202 776 332 841 liberal·
349 778 386 839 ab
403 777 545 853 Eyrcanis
566 776 624 839 hoc
642 776 824 857 Odrysisqae
844 778 976 838 tulissem
1086 819 1090 826 -
1116 802 1121 816 ·

203 863 356 942 Regibus,
381 873 410 925 et
432 863 456 922 si
479 863 527 942 qui
540 872 665 922 ,nostros
683 864 785 922 vicere
806 864 933 922 iurares.
1148 873 1199 927 ωδ

204 948 347 1024 Annuite,
369 957 417 1009 ant
437 956 533 1007 natum
555 946 709 1025 complexa
732 948 891 1025 superstite
912 946 1005 1007 bello

203 1032 260 1093 llic
280 1034 409 1093 moriar.’
453 1030 588 1091 l'nmidas
608 1032 782 1109 frangebant
801 1032 878 1092 dicta
899 1031 1052 1108 cohortes,

201 1116 404 1196 Nutantesque
427 1118 518 1177 uirum
538 1115 657 1193 galeas,
681 1125 710 1175 et
732 1134 834 1194 sparsa
851 1116 970 1176 videres

203 1200 335 1263 Fletibus
357 1220 434 1263 arma
453 1202 524 1281 piis,
549 1201 652 1278 quales
672 1200 722 1260 ubi
739 1201 799 1261 tela
820 1202 959 1280 virosque
1030 1205 1034 1214 ⁴

204 1286 338 1349 Pectoris
358 1286 473 1366 inpulsu
493 1286 586 1364 rapidi
607 1295 740 1345 stravere
763 1285 883 1355 leonem
1149 1293 1202 1347 bilo

205 1370 340 1431 Protinus
362 1372 403 1431 ira
426 1373 533 1445 minor,
557 1370 743 1449 gaudentque
761 1372 791 1430 in
812 1388 939 1449 corpore
961 1379 1049 1450 capto

206 1455 346 1517 Securam
367 1456 484 1517 differre
506 1455 627 1515 lenem:
650 1457 695 1515 sic
715 1456 793 1515 dena
810 1454 964 1533 Pelasgum
1050 1487 1053 1496 ·

208 1537 305 1601 Corda
326 1540 441 1618 labant,
463 1540 593 1618 ferrique
616 1540 717 1600 avidus
736 1548 940 1600 mansueverat
961 1538 1058 1599 ardor.

269 1624 338 1705 lpse
359 1626 444 1685 etiam
462 1633 529 1685 ante
552 1640 653 1685 omues
672 1644 749 1684 nnnc
769 1626 867 1684 matris
887 1624 925 1685 ad
944 1624 1046 1685 oscula
1064 1639 1195 1697 uersum!

204 1708 291 1770 Nunc
309 1710 388 1771 rudis
409 1709 555 1784 Ismenes,
578 1728 654 1769 nnuc
675 1710 827 1769 debiliora·
840 1710 987 1788 precantis
1092 1735 1104 1758 ι’
1150 1714 1202 1771 πο

206 1794 387 1872 Antigones,
409 1796 548 1874 variaque
570 1795 692 1853 animum
714 1794 849 1854 turbante
866 1793 1001 1872 procella

205 1878 365 1939 Exciderat
386 1896 521 1956 reguurm
544 1881 623 1956 cupit
641 1880 701 1953 ire,
728 1888 759 1937 et
778 1879 854 1937 mitis
874 1877 1017 1938 Adrastus

205 1962 273 2024 Non
293 1972 387 2033 vetat3
416 1964 463 2023 bic
484 1964 577 2023 iustae
598 1962 718 2037 'lydens
740 1979 853 2024 mernor
874 1971 1000 2040 occupat
1020 1962 1098 2021 irae:

273 2046 339 2107 ‘lle
359 2049 459 2128 potius
477 2048 569 2124 socii,
592 2048 641 2125 qni
663 2046 750 2106 lidum
770 2046 915 2107 Eteoclea
936 2064 1029 2124 nuper

73 2122 74 2145 ¹
206 2131 372 2214 Expertus,
395 2150 452 2194 nac
471 2132 562 2194 irater
581 2145 674 2208 eram,
694 2150 741 2192 me
763 2133 904 2211 opponite
925 2132 1045 2209 regi,-
1150 2136 1204 2194 bit)

209 2215 297 2278 Cuius
315 2218 409 2280 adbuc
428 2235 531 2298 pacem
551 2219 700 2294 egregiam
721 2226 753 2276 et
773 2217 850 2278 bona
869 2217 991 2277 foedera
1011 2224 1098 2293 gesto

200 2301 333 2364 Pectore
355 2304 385 2362 in
404 2303 471 2364 boc.
514 2301 570 2362 Ubi
590 2310 658 2362 tnnc
680 2301 749 2361 lidei
770 2303 910 2380 pacisque
932 2306 1087 2380 sequestra
1178 2352 1182 2359 ,

73 2431 74 2442 2
207 2386 300 2448 Mater
320 2406 404 2466 eras,
427 2386 557 2467 pulchris
580 2404 666 2465 quum
686 2405 733 2446 me
751 2404 810 2446 nor
828 2396 926 2447 vestra
942 2395 1054 2446 morata
1074 2393 1121 2445 est
1192 2404 1196 2413 ·

209 2469 370 2552 Hospitiis‘l
398 2491 503 2551 nempe
525 2471 600 2532 baec
617 2471 707 2532 trabis
729 2472 766 2531 ad
788 2473 963 2532 commercia
982 2467 1103 2531 oatnm‘l
1191 2500 1195 2512 ·

210 2555 274 2616 Duc
294 2556 424 2617 illumin
445 2574 593 2635 eampum,
616 2565 717 2619 nestro
741 2558 790 2635 qui
813 2557 954 2634 sangnine
973 2557 1087 2635 pinguis
1151 2560 1204 2616 ott

210 2640 307 2718 Spirat
323 2641 417 2702 adhuc
438 2643 610 2720 pinguisque
631 2658 707 2700 meo.
754 2640 797 2700 'lu
818 2657 908 2719 porro
929 2642 1063 2718 sequeris

210 2723 271 2786 lleu
293 2726 408 2786 nimiunn
428 2727 520 2802 mitis,
542 2727 715 2804 nimiumque
733 2725 826 2786 oblite
846 2721 1011 2784 inomni·

213 2809 331 2870 Sciicet
349 2810 473 2871 infestae
495 2824 579 2889 quum
597 2819 628 2868 te
650 2811 759 2868 circum
780 2809 906 2887 undique
928 2809 1050 2869 dextrae

212 2891 362 2956 Nudabuut
385 2913 488 2971 anses,
500 2905 503 2910 '
514 2893 588 2954 baec
606 2892 687 2953 flebit
710 2903 741 2953 et
761 2912 839 2954 arma
857 2890 1029 2971 quiescent?
1186 2940 1193 2953 .

214 2975 290 3039 'lene
312 2979 378 3056 ille,
400 2979 457 3040 beu
479 2979 615 3053 deneas,
637 2978 729 3038 s'ernel
750 2979 823 3038 intra
839 2979 954 3039 moenia
975 2978 1107 3038 clausum
1152 2988 1205 3041 55⁰

213 3061 438 3143 lossessumque
451 3064 535 3124 odiis
552 3062 662 3139 Arpina
682 3064 714 3122 in
734 3071 829 3124 castra
850 3060 996 3123 remittet?

214 3153 286 3207 inte
307 3147 382 3209 haec
404 3165 529 3209 excusso
550 3147 721 3208 frondescet
739 3147 842 3208 lancea
862 3147 961 3223 ferro,
1059 3174 1063 3191 ’-

213 3231 331 3294 hacbns
351 3241 417 3292 ante
440 3242 519 3294 retro
540 3231 872 3310 nmterquedcuelous
892 3231 1018 3292 abibunt.

215 3315 268 3376 ded
289 3318 357 3376 mite
380 3316 538 3398 alloquium
554 3325 584 3376 et
607 3317 702 3376 saevis
721 3335 780 3394 pax
801 3317 949 3396 quaeritur
961 3316 1071 3393 armis,

215 3397 289 3462 laec
311 3417 428 3479 qnoque
452 3411 546 3462 cntra
569 3405 685 3479 patent,
708 3402 831 3461 necdum
852 3419 986 3462 mernere
1005 3403 1117 3470 timeri..
1152 3411 1204 3466 bob

214 3483 254 3546 rin
276 3493 432 3564 suspectus
453 3482 680 3562 agolabscado
703 3495 734 3546 et
751 3505 817 3546 mea
837 3486 958 3547 vulnera
979 3487 1068 3548 dono

216 3567 299 3631 latret
320 3579 350 3630 et
365 3568 414 3629 bic
433 3570 692 3647 genetrineadem
713 3572 886 3651 mediaeque
906 3586 1037 3632 sorores.
1097 3619 1100 3624 .
1182 3578 1186 3588 '

214 3651 297 3732 linge
318 3663 414 3716 autem
435 3654 530 3734 pactis
551 3655 673 3716 evictum
695 3655 843 3716 excedere
864 3657 979 3735 regnis,
1072 3703 1076 3710 .
1188 3676 1196 3709 τ
