2842 4300
388 804 402 846 ’Τ
433 803 479 884 P.
512 800 725 886 PAPINII
753 799 935 884 STATII

307 963 1085 1126 SILVARUM

288 1179 290 1184 ·
529 1139 896 1230 uruuuu‘

573 1326 783 1346 ἲ*

550 1483 602 1536 ΔΙ)
630 1483 816 1542 STELLAM.

246 1581 320 1694 Du
340 1635 518 1713 multumque
540 1633 685 1712 dubitavi,
716 1635 810 1697 Stella
836 1634 950 1694 iuvenis
975 1634 1085 1714 optime
1104 1642 1136 1694 et
1160 1635 1190 1693 iu

164 1719 284 1805 ¹studiis
305 1720 414 1779 nostris
433 1720 660 1806 eminentissime
680 1737 737 1798 qua
760 1728 844 1800 parte
864 1717 999 1796 voluisti,
1021 1737 1059 1780 au
1078 1717 1133 1778 bos
1153 1718 1187 1778 li·
1250 1720 1256 1728 '

181 1803 296 1878 bellos,
328 1805 377 1882 qui
397 1803 466 1864 mibi
487 1802 584 1864 subito
606 1803 708 1864 calore
730 1813 762 1864 et
782 1802 905 1882 quadam
927 1801 1084 1864 festinandi
1105 1803 1188 1863 volu·

179 1895 261 1966 ptate
277 1887 441 1964 fluxerunt,
464 1905 551 1966 quum
566 1888 674 1966 singuli
688 1887 726 1950 de
743 1889 806 1947 sinu
822 1905 889 1948 meo
904 1888 1101 1966 prodiissent,
1120 1903 1188 1946 cou-

179 1981 323 2050 gregatos
337 1973 402 2052 ipse
417 1972 598 2034 dimitterem.
633 1971 709 2046 Quid
723 1970 820 2032 euim?
831 1980 958 2051 ¹oportet
971 1971 1056 2032 buius
1070 1988 1188 2050 quoque

180 2057 355 2117 auctoritate
372 2057 507 2117 editionis
523 2058 655 2132 onerari,
675 2057 755 2134 quod
769 2056 863 2116 adbuc
878 2073 932 2133 pro
947 2054 1099 2116 Thebaide
1113 2072 1188 2129 mea,

180 2141 314 2220 quamvis
334 2160 380 2201 me
401 2141 571 2221 reliquerit,
590 2138 707 2201 timeo?
738 2140 800 2201 Sed
822 2148 853 2200 et
870 2137 1003 2201 Culicem
1021 2139 1146 2217 legimus
1160 2146 1190 2199 et

180 2224 536 2301 Batrachomyomaohiam
549 2226 645 2294 ,etiam
666 2226 866 2303 agnoscimus3
891 2241 949 2285 nec
970 2225 1122 2303 quisquam
1143 2231 1190 2283 est
1242 2240 1252 2263 ⁸

182 2309 335 2369 illustrium
359 2320 526 2389 poetarum,
550 2311 600 2391 qui
620 2328 679 2369 unu
696 2309 805 2389 aliquid
824 2308 963 2388 operibus
984 2310 1044 2368 suis
1059 2306 1128 2369 stilo
1143 2325 1189 2367 re·
1215 2328 1219 2337 ·

180 2394 317 2456 missione
346 2395 533 2473 praeluserit.
578 2391 677 2469 Quid?
708 2393 786 2474 quod
813 2392 889 2455 baec
916 2412 1013 2453 serum
1035 2401 1099 2452 erat
1120 2408 1189 2452 con·

181 2478 294 2554 tinere,
318 2496 404 2557 quum
425 2479 476 2540 illa
495 2497 550 2539 vos
570 2488 669 2556 certe,
692 2494 815 2557 quorum
832 2478 938 2539 bonori
955 2477 1021 2538 data
1036 2486 1120 2553 suut,
1140 2477 1189 2536 ba·

181 2562 304 2622 beretis.
349 2563 410 2624 Sed
432 2563 509 2642 apud
530 2572 648 2625 ceteros
667 2581 795 2626 neeesse
814 2572 859 2623 est
877 2562 997 2622 multum
1011 2560 1070 2623 illis
1086 2569 1191 2640 pereat

120 2706 123 2711 ,
183 2664 222 2705 ex
243 2647 345 2723 venia,
368 2666 456 2726 quum
476 2648 639 2724 amiserint,
663 2665 749 2726 quarn
763 2646 858 2707 solam
870 2646 1049 2722 habueruut,
1068 2646 1190 2723 gratiam

183 2729 354 2792 celeritatis.
404 2730 521 2793 Nullum
550 2732 626 2792 euim
655 2750 694 2792 ex
723 2732 782 2791 illis
809 2731 897 2793 biduo
919 2731 1036 2807 lougius
1057 2738 1190 2803 tractum,

184 2814 327 2893 quaedam
340 2824 377 2888 ‚et
398 2816 521 2893 siugulis
542 2815 646 2877 diebus
668 2816 776 2884 effusa;
800 2815 930 2895 quamuis
947 2823 1063 2890 metuo,
1085 2832 1122 2872 ne
1138 2831 1190 2873 ve·

184 2916 247 2958 rum
266 2900 341 2959 istuc
360 2918 464 2959 versus
488 2918 604 2979 quoque
627 2901 685 2979 ipsi
699 2901 736 2961 de
751 2918 784 2959 se
800 2899 936 2979 probent.
980 2898 1091 2958 Primus
1106 2896 1189 2957 libel·

184 2982 229 3042 lus
250 2993 470 3045 sacrosanctum
482 2984 571 3045 babet
588 2994 710 3045 testem:
735 2984 904 3045 sumendum
920 2984 995 3043 euim
1011 2992 1074 3054 erat
1090 2981 1190 3042 alote

184 3067 367 3145 principium.
414 3065 551 3129 Ceterum
568 3069 624 3129 bos
643 3086 764 3143 versus,
786 3086 862 3147 quos
876 3069 906 3127 in
922 3085 1026 3145 equum
1039 3067 1192 3127 maximum

184 3151 260 3226 ieci,
283 3150 535 3229 indulgentissimo
554 3154 724 3232 imperatori
745 3162 867 3230 postero
886 3152 951 3227 die,
975 3163 1061 3233 quam
1075 3151 1191 3212 dedica·

184 3244 269 3313 verat
288 3252 382 3314 opus,
408 3237 525 3297 tradere
548 3238 643 3297 iussus
665 3255 738 3297 sum.
784 3236 905 3296 Potuisti
926 3232 1119 3311 illudsdicet
1140 3234 1191 3295 all·

186 3320 267 3397 quis,
289 3329 319 3379 et
334 3330 400 3381 aute
415 3322 535 3382 vidisse.
580 3320 788 3401 Respondebis
802 3320 845 3381 illi
860 3329 906 3396 tu,
925 3320 1019 3381 Stella
1031 3320 1190 3397 carissime,

186 3404 235 3481 qui
264 3404 473 3483 epithalamion
495 3416 589 3482 tuum,
619 3406 696 3483 quod
720 3405 788 3465 mibi
810 3405 994 3480 iniunxeras,
1023 3406 1083 3464 scis
1103 3402 1191 3463 biduo

184 3488 334 3567 seriptum.
375 3488 524 3550 Audacter
539 3490 703 3560 mehercle;
727 3488 781 3549 sed
796 3498 892 3549 tamen
906 3485 1090 3549 cccxxmt
1103 3488 1192 3548 bexa-

184 3580 295 3632 metros
317 3572 415 3634 habet.
460 3573 498 3635 Et
519 3574 646 3635 sortasse
669 3583 699 3635 tu
714 3591 769 3652 pro
786 3573 904 3651 collega
920 3573 1080 3633 mentieris.
1113 3570 1191 3630 blan-

186 3656 243 3718 lius
265 3658 348 3718 certe
366 3657 531 3739 Vopiscus,
555 3660 600 3719 vir
619 3658 829 3719 eruditissimus
845 3667 875 3719 et
890 3660 939 3737 qui
954 3658 1113 3739 praecipue
1130 3654 1192 3712 viu·
