2842 4300
581 921 844 1057 'rnmrlrm

286 1277 445 1372 praesidia
465 1314 579 1384 critica,
600 1315 702 1388 quibus
723 1317 752 1372 in
773 1313 960 1371 emendandis
978 1313 1059 1373 Statii
1079 1315 1160 1374 silvis
1176 1319 1220 1373 usi

212 1419 337 1473 sumus,
353 1403 412 1458 lere
428 1401 529 1457 endem
544 1405 623 1468 sunt,
643 1416 717 1474 quae
736 1402 766 1459 F.
781 1400 910 1474 blandius
924 1403 1101 1458 enumeravit
1115 1402 1144 1456 iu
1159 1401 1222 1458 edi·
1300 1467 1304 1482 ι

203 1475 304 1545 'tionis
325 1487 501 1560 praefatione
521 1499 550 1558 p.
574 1484 820 1542 XXII—XXVII.
863 1485 956 1542 Editio
983 1502 1053 1542 vero
1073 1486 1222 1544 Handiane

212 1588 306 1644 quum
319 1573 392 1627 ultre
406 1585 520 1628 carmen
538 1570 647 1626 tertium
664 1571 728 1626 libri
741 1570 824 1643 primi
839 1585 896 1626 non
908 1573 1064 1643 progressa
1078 1572 1122 1639 sit,
1140 1572 1221 1643 ipsae

213 1656 353 1712 codicum
368 1655 533 1719 collationes
550 1656 585 1712 ab
602 1653 714 1712 Hendio
729 1656 864 1712 collectae
884 1656 966 1712 nobis
981 1655 1178 1728 inspiciendae
1193 1661 1222 1712 et

216 1739 372 1812 diligenter
392 1739 534 1796 taxandae
554 1744 643 1794 erunt.
676 1740 840 1796 invenimus
861 1741 937 1798 enim
956 1739 1084 1797 inlibris
1106 1741 1220 1812 scriptis

137 1839 142 1843 ·
214 1826 253 1880 ab
269 1824 382 1882 Handio
397 1826 502 1882 relictis
523 1824 659 1880 lectiones
684 1824 751 1894 cod.
767 1823 905 1883 Senensis
920 1823 959 1881 ad
980 1824 1134 1882 editionem
1153 1825 1222 1881 Ber·

214 1910 288 1964 natii
304 1910 393 1966 lactas
409 1925 427 1966 e
442 1907 568 1980 iosepho
586 1907 748 1982 scaligero,
766 1909 903 1966 lectiones
917 1908 1003 1966 codd
1018 1909 1222 1966 vaticanorum
1271 1977 1276 1980 Ι

145 1985 151 1992 ’
215 1999 342 2065 quatuor
365 1998 392 2049 el
406 1993 471 2050 cod.
486 1993 584 2050 Vossii
605 1995 735 2066 exemplo
751 1993 902 2050 Handiano
927 1993 1103 2066 adscriptas,
1123 1993 1221 2050 lectio·

215 2093 272 2134 nes
290 2078 357 2134 cod.
373 2078 624 2146 Ventislavieusis,
644 2079 816 2140 Parisienois
836 2093 865 2133 n.
883 2081 955 2138 8282
978 2077 1080 2150 signati
1095 2084 1124 2132 et
1139 2075 1221 2149 Capi·

216 2163 335 2237 lupiani.
375 2160 434 2219 Sed
454 2180 540 2236 quum
558 2179 626 2219 mox
645 2168 713 2236 post
726 2162 829 2218 Handii
846 2164 947 2219 librum
963 2164 991 2218 in
1006 2164 1098 2219 lucem
1113 2162 1222 2218 editum

215 2248 390 2307 Franciscus
407 2249 563 2304 Passovius
584 2249 679 2305 multis
702 2247 841 2318 exemplis
863 2241 916 2323 (cl.
938 2246 1062 2304 libellum
1078 2246 1222 2303 academi-

216 2350 285 2389 cum
304 2332 421 2391 Vretisl.
440 2330 665 2401 Mucccxvul)
688 2330 926 2401 demonstrasset,
954 2332 1133 2388 collationem
1154 2329 1220 2389 cod.

212 2417 336 2475 vratisl.
354 2418 383 2474 in
404 2432 486 2474 usum
500 2416 603 2473 Handii
622 2416 725 2473 lactem
745 2432 876 2473 mancam
896 2430 989 2488 neque
1013 2416 1081 2473 satis
1105 2431 1222 2472 accura-

218 2507 276 2557 tarn
293 2500 399 2571 luisse,
420 2503 467 2558 usi
489 2518 588 2558 sumus
603 2516 680 2557 nova
693 2501 847 2557 collatione
859 2501 936 2557 illius
952 2499 1093 2557 codicisa
1110 2497 1221 2572 Silligio

118 2583 121 2591 “
219 2587 249 2645 in
274 2588 393 2658 repetita
419 2586 543 2643 editione
568 2578 786 2642 Marklandiana
814 2581 961 2661 (Decedee
986 2583 1221 2655 MDCCCXXVII,

128 2693 131 2697 ·
218 2672 310 2741 prael.
324 2669 561 2738 XXI-XXXIII)
576 2670 733 2743 proposita.
772 2669 843 2727 Cod.
858 2670 1029 2727 Parisiensis
1044 2684 1149 2725 novam
1163 2670 1221 2724 col·

219 2754 352 2811 lationem
369 2754 484 2812 exhibet
496 2754 584 2811 editio
599 2754 748 2826 Lemouii,
768 2754 831 2812 Par.
847 2752 1056 2822 mcccxxv,
1078 2768 1136 2825 qua
1150 2770 1222 2810 usus

219 2844 265 2895 cst
282 2840 328 2895 Fr.
353 2839 521 2913 Dubnerus‚
542 2840 606 2895 Per.
619 2837 885 2897 Mucccxxxxv.
923 2837 1099 2911 Gapilupinni
1112 2836 1221 2895 codicis

219 2924 332 2981 collatio
347 2924 433 2981 modo
449 2923 487 2981 ed
506 2924 631 2996 quintum
646 2924 747 2980 librum
756 2925 886 2996 perlinet.
913 2923 1144 2994 vindobonensis
1155 2922 1220 2979 eod.

160 3002 167 3016 '
220 3008 415 3077 collationem,
443 3025 528 3081 quam
548 3007 634 3065 lllich.
654 3008 764 3065 Kovals
783 3009 908 3082 Martiny
932 3008 1039 3081 publici
1065 3007 1134 3066 iuris
1152 3008 1223 3087 lecit

220 3092 272 3161 (cl.
288 3094 447 3167 fragmenta
464 3093 588 3149 literaria
601 3108 696 3149 rerum
706 3092 932 3165 Hungaricarum
943 3099 1009 3149 tom.
1020 3092 1053 3148 lt
1063 3109 1093 3164 p.
1104 3094 1122 3151 t
1133 3093 1221 3165 sqq.)‚

105 3184 107 3191 '
221 3178 321 3233 iterum
334 3179 521 3251 inspeximus.
551 3178 651 3250 Neque
665 3178 842 3250 negleximus
855 3179 992 3235 lectiones
1007 3176 1151 3246 codicum,
1174 3176 1222 3249 qui

222 3261 344 3319 diversis
367 3263 527 3320 nominibus
542 3262 620 3332 (cod.
634 3262 703 3319 lust.
719 3263 823 3335 Lipsii,
844 3262 910 3319 cod.
924 3262 1077 3319 Florentini
1094 3278 1146 3318 seu
1163 3261 1223 3317 llic·

112 3364 115 3371 *
221 3346 330 3417 diceei,
345 3347 410 3408 con.
422 3348 536 3405 loannis
550 3346 672 3421 Rhodii,
693 3346 779 3404 codd.
794 3346 916 3417 Barlbii)
930 3334 1056 3404 teruntur
1069 3353 1098 3403 ct
1112 3363 1130 3402 e
1144 3352 1223 3404 vete·

221 3431 298 3489 ribus
315 3432 645 3493 editoribusleudentur.
675 3432 749 3489 Vide
770 3448 843 3504 quae
867 3430 903 3487 de
924 3432 969 3489 bis
990 3436 1136 3505 exponunt
1152 3431 1174 3486 l.
1188 3428 1221 3487 F.

221 3515 382 3575 Gronovius
391 3560 398 3587 ‚
406 3513 496 3573 dictu.
510 3519 547 3575 eb
558 3516 670 3573 He'ndln
682 3516 759 3573 edite
769 3533 797 3591 p.
810 3522 845 3580 19
857 3534 909 3590 sip,
920 3515 1117 3584 Marmaridum
1131 3514 1222 3588 prael.

219 3616 287 3674 pag.
310 3601 363 3659 vll
385 3600 433 3657 ed.
454 3600 562 3675 Sillig„
587 3600 720 3659 Berthius
748 3603 940 3676 compluribus
969 3603 1056 3669 locis,
1082 3598 1222 3665 Handius‚

219 3688 309 3758 prael.
324 3703 354 3760 p.
373 3686 501 3747 xlett.
533 3687 687 3763 Diligenter
708 3687 793 3745 etiam
815 3686 1013 3761 discrepantes
1034 3684 1172 3741 lectiones
1192 3683 1222 3739 in

972 3785 1012 3843 a*
