2842 4300
418 805 463 886 P.
494 803 706 889 PAPINII
736 804 915 887 STATII

256 972 1091 1077 THEBAIDOS

221 1134 233 1166 ⁹
490 1159 849 1235 crunnum.

571 1355 769 1365 Ἥ...-

173 1430 323 1545 Nondum
345 1492 447 1545 cuneta
466 1483 538 1561 polo
558 1487 630 1563 vigil
652 1487 843 1547 inclinaverat
862 1493 940 1545 astra

175 1568 279 1645 Ortus,
302 1578 332 1629 et
349 1570 501 1627 instantem
521 1586 610 1630 cornu
629 1573 763 1633 tenuiore
781 1568 901 1630 ridebat

173 1653 253 1713 Luna
275 1654 366 1730 diem,
387 1652 516 1731 trepidas
536 1654 585 1715 ubi
606 1657 661 1717 iam
681 1656 814 1717 Tithonia
833 1652 927 1713 nubea

173 1738 299 1798 Discutit
321 1757 356 1799 ac
376 1737 476 1797 reduci
493 1756 625 1816 magnum
643 1738 726 1819 parat
746 1740 867 1799 aethera
888 1738 1018 1800 Phoebo.

174 1822 299 1900 Agmina
321 1825 377 1882 iarn
398 1823 470 1881 raris
492 1821 617 1884 Dircaea
640 1826 793 1903 penatibus
817 1830 924 1899 errant,
1155 1835 1173 1889 5

175 1907 278 1967 Noctis
301 1916 403 1985 questa
421 1922 532 1977 moras;
558 1911 687 1987 quamvis
707 1919 775 1969 tunc
795 1909 853 1967 otia
875 1908 990 1967 tandem

175 1991 213 2051 Et
235 1994 342 2071 primus
361 2000 428 2069 post
449 1990 528 2052 bella
549 2010 655 2073 sopor,
677 2002 773 2053 tamen
791 2010 881 2069 aegra
902 1993 1029 2070 quietem

176 2077 238 2137 Pax
259 2076 356 2154 fugat,
380 2084 409 2135 et
431 2078 512 2135 saevi
534 2079 660 2138 meminit
680 2078 804 2137 victoria
826 2075 907 2135 belli.

176 2162 235 2220 Vix
256 2164 347 2241 primo
369 2161 504 2240 prolerre
525 2164 645 2240 gradum
662 2173 692 2224 et
713 2164 864 2223 munimina
885 2160 955 2220 valli

177 2246 319 2322 Solvere,
341 2247 391 2306 vix
412 2254 488 2305 totas
509 2265 645 2308 reserare
667 2249 787 2308 audacia
805 2255 915 2326 portas.

177 2332 260 2393 Stant
280 2340 398 2391 veteres
421 2339 487 2390 ante
506 2349 557 2391 ora
578 2342 671 2392 metus
691 2333 843 2412 campique
862 2331 993 2390 vacantis

177 2415 306 2484 Horren
328 2424 359 2474 nt
380 2415 496 2476 assiduo
519 2417 633 2476 iactatis
651 2435 782 2496 aequore
802 2416 889 2477 tellus

175 2501 271 2562 Prima
292 2498 388 2576 labat,
412 2501 455 2560 sic
476 2502 588 2560 attoniti
608 2501 648 2561 nil
670 2504 800 2562 cominus
819 2503 862 2560 ire

178 2583 315 2645 Mirantur
336 2585 475 2664 lusasque
496 2594 596 2664 putant
617 2603 775 2664 assurgere
791 2595 908 2646 turmas.

244 2669 362 2730 Sicubi
384 2670 559 2748 prospicuae
582 2671 769 2731 scandentem
789 2671 885 2730 limina
905 2672 992 2729 turris

177 2753 287 2816 Idaliae
310 2753 448 2814 volucres
469 2754 578 2814 lulvnm
599 2755 766 2833 adspexere
787 2755 954 2831 draconem,

84 2883 87 2888 -
179 2840 260 2899 Intus
279 2847 365 2915 agunt
386 2848 469 2898 natos
491 2847 520 2898 et
538 2837 618 2898 foeta
641 2839 747 2900 cubilia
765 2839 875 2898 vallant

179 2922 330 3000 Unguibus
351 2922 534 3000 inbellesque
554 2923 640 2983 citant
658 2925 694 2984 ad
714 2924 827 3003 proelia
846 2941 972 3002 pennas;

180 3007 250 3068 blox
271 3007 362 3066 ruerit
381 3007 451 3067 lieet
473 3007 523 3066 ille
542 3017 637 3084 retro,
659 3018 757 3068 tamen
778 3026 847 3068 aera
860 3009 970 3069 'nudum

181 3091 311 3152 Candida
332 3091 416 3152 turba
436 3093 530 3170 timet,
550 3093 724 3172 tandemque
744 3095 878 3171 ingressa
901 3093 1016 3152 volatus

180 3175 289 3237 Horret
308 3184 338 3234 et
360 3193 376 3236 a
397 3177 498 3236 mediis
519 3177 672 3241 etiamnum
692 3180 815 3257 respicit
836 3179 931 3238 astris.

242 3259 303 3320 ltur
324 3261 353 3319 in
375 3278 537 3338 exanguem
557 3263 694 3341 populum
717 3262 848 3341 bellique
869 3263 992 3322 iacentis

181 3345 362 3424 Reliquas,
383 3363 439 3423 qua
459 3363 602 3424 quemque
621 3347 722 3424 dolor,
741 3347 894 3426 luctusque
915 3347 1027 3406 cruenti

182 3431 322 3506 Exegere
344 3428 449 3498 ducem
471 3429 595 3507 nitela,
619 3431 648 3491 bi
668 3449 811 3511 corpora,
834 3432 924 3492 atilli

184 3513 344 3575 (laesorum
364 3523 470 3574 tantum
491 3531 542 3576 ora
559 3516 658 3576 vident
678 3517 833 3596 alienaque
853 3517 930 3576 iuxta

182 3599 322 3668 Pectora;
345 3616 413 3677 pars
436 3617 536 3658 currus
560 3600 669 3662 delient
685 3602 840 3680 viduisque
860 3602 1026 3680 loquuntur,

182 3682 247 3744 Hoc
268 3683 363 3744 solum
382 3683 449 3764 quia
470 3693 578 3765 restat,
598 3687 696 3767 equis;
719 3705 787 3768 pars
811 3687 913 3748 oscula
934 3686 1024 3764 ligant
