2842 4300
239 386 302 449 260
563 403 604 495 p.
630 403 764 451 sarran
785 403 902 453 suurn

301 556 396 616 ‘Urbs
418 568 517 636 optata
540 560 636 639 prius,
651 578 736 622 nunc
757 568 836 619 tecta
854 548 972 620 hostilia
993 557 1127 633 Thebae,

238 642 276 703 Et
297 653 394 703 tamen
411 642 537 703 inlaesas
560 648 585 705 si
603 645 701 707 reddis
723 645 854 720 coniugis
875 643 1003 718 umbras,

167 754 169 757 ·
239 730 289 789 Sic
311 745 429 807 quoque
451 728 536 789 dulce
557 730 669 805 solum,
692 730 803 802 cernis,
827 746 885 807 quc
909 728 1042 807 praedita
1063 728 1153 804 cultu,

239 814 302 887 Qua
326 814 430 890 stipata
447 833 531 873 manu
548 816 627 876 iuxta
647 825 694 875 tua
717 816 833 874 moenia
853 815 974 891 primum

239 896 399 976 Oedipodis
420 902 517 975 magni
537 902 623 959 venio
643 897 750 959 nurus?
772 898 896 977 inproba
915 915 974 957 non
995 906 1061 958 sunt
1193 908 1247 961 260

237 982 329 1042 Vota:
351 1000 442 1060 rogos
461 984 571 1062 hospes
592 984 797 1063 planctumque
818 993 848 1043 et
868 983 972 1043 funera
993 999 1099 1061 posco.

236 1066 337 1145 Illum,
362 1085 434 1144 oro,
459 1079 606 1129 extorrem
626 1070 710 1145 regni
731 1068 874 1147 belloque
895 1068 1034 1145 fugatum,

186 1158 193 1167 ‘
237 1152 337 1227 Illum,
360 1172 445 1231 quem
466 1154 542 1215 solio
564 1171 622 1213 non
643 1173 676 1213 es
699 1153 816 1231 dignata
837 1162 972 1233 paterno,

238 1238 342 1297 Redde
365 1238 446 1307 mil1i;
467 1248 572 1317 tuque,
597 1256 669 1314 oro,
691 1240 774 1312 veni,
798 1239 822 1297 si
842 1236 972 1298 manibus
994 1238 1053 1298 ulla

237 1322 363 1400 Elligies
387 1333 543 1401 errantque
567 1326 677 1385 animae
701 1333 770 1403 post
789 1322 921 1383 membra
942 1322 1068 1383 solutae..

240 1404 284 1467 'lu
305 1407 373 1468 mibi
395 1408 490 1485 parade
509 1410 587 1483 vias,
608 1418 717 1487 tuaque
737 1411 802 1487 ipse
824 1408 861 1467 ad
881 1407 984 1469 funera
1005 1405 1113 1481 deduc,

240 1495 272 1553 st
293 1494 408 1551 merui.'
452 1492 549 1567 Dixit,
574 1502 741 1571 tectumque
762 1510 906 1569 aggressa
925 1494 1108 1570 propinquae

236 1578 389 1639 Pastorale
411 1596 498 1637 casae
519 1577 615 1637 reficit
638 1578 794 1655 spiramina
815 1577 887 1635 lessi

238 1662 335 1739 Ignis,
359 1672 388 1721 ct
410 1661 574 1721 horrendos
592 1662 728 1739 inrumpit
744 1662 859 1723 turbida
878 1678 1006 1739 campos.

305 1746 405 1821 Qualis
427 1745 462 1807 ab
480 1746 620 1807 Aetnaeis
643 1764 769 1807 accensa
788 1746 921 1825 lampade
944 1747 1021 1805 saxis

239 1831 318 1891 Orba
338 1829 431 1891 Ceres
453 1850 575 1908 magnae
597 1829 729 1893 variabat
749 1832 874 1908 imagine
895 1831 1027 1890 llammae

238 1918 399 1975 Ausonium
418 1917 605 1995 Siculumque
626 1917 718 1991 latus,
735 1918 861 1993 vestigia
880 1917 954 1993 nigri

238 2001 377 2081 Raptcris
399 2010 559 2079 vastosque
582 2001 686 2078 legens
709 2002 738 2061 in
760 2000 884 2079 pulvere
903 2000 1013 2061 sulcos.

240 2086 322 2146 lllius
345 2086 452 2145 insanis
474 2086 631 2145 ululatibus
654 2088 720 2166 ipse
739 2088 865 2163 remugit

239 2171 407 2232 Enceladus
428 2181 574 2250 ruptoque
595 2173 658 2232 vias
680 2171 829 2232 inluminat
848 2172 919 2249 igni.

239 2256 452 2334 Persephonen
471 2275 588 2332 amnes,
612 2257 722 2332 silvae,
743 2257 836 2331 freta,
859 2255 956 2316 nubila
979 2255 1115 2332 clamant,

240 2341 452 2418 Persephonen
473 2351 581 2400 tautum
601 2343 695 2418 Stygii
716 2351 795 2402 tacet
811 2341 877 2402 aula
897 2343 1000 2402 mariti.

307 2425 452 2486 Admonet
475 2427 622 2485 attonitam
644 2426 718 2486 fidus
739 2427 904 2486 meminisse
927 2424 1063 2486 Creontis

240 2511 328 2570 Alton
351 2520 380 2568 et
401 2510 544 2570 occultam
564 2509 733 2570 submittere
752 2510 886 2589 lampada
909 2511 996 2570 lurtc.

241 2595 356 2672 Regina
376 2595 534 2672 Argolicas
555 2594 642 2654 modo
665 2595 818 2670 formidata
840 2614 895 2674 per
914 2595 1033 2665 urbes,⁴
1195 2609 1257 2662 280

241 2679 349 2739 Votum
366 2681 479 2739 inmane
497 2683 594 2758 procis
614 2698 745 2758 spesque
764 2681 967 2756 augustissima
981 2684 1089 2758 gentis,

241 2765 337 2824 Nocte
360 2765 413 2824 sub
434 2766 554 2842 intesta,
576 2764 656 2826 nullo
677 2765 753 2824 duce
775 2775 805 2825 et
827 2765 912 2824 hoste
934 2767 1099 2844 propinquo

242 2849 313 2910 Sola
335 2868 389 2927 per
410 2851 539 2910 cllensus
562 2868 705 2910 armorum
733 2859 762 2910 et
781 2849 893 2910 lubrica
912 2849 981 2910 tabo

244 2935 393 3010 Gramina,
415 2953 473 2996 non
493 2935 647 3010 tenebras,
670 2951 729 2994 non
750 2935 924 2995 circumfusa
944 2936 1118 2994 tremiscens

245 3019 377 3078 Corneilia
395 3019 559 3078 umbrarum
573 3029 659 3098 atque
676 3021 785 3079 animas
801 3039 852 3079 sua
866 3017 1182 3096 membragemeutes.
1198 3032 1261 3086 285

244 3105 341 3181 Saepe
363 3104 453 3180 gradu
476 3122 568 3164 caeco
588 3105 697 3164 ferrum
720 3103 891 3182 calcataque
912 3104 972 3164 tela

244 3188 429 3264 Dissimulat‚
453 3189 594 3267 solusque
617 3189 701 3250 labor
722 3191 814 3249 vitare
835 3191 977 3265 iacentes,

244 3273 318 3332 Dum
340 3272 425 3332 funus
445 3283 527 3352 putat
546 3292 630 3334 omne
653 3293 748 3349 suum,
771 3275 895 3352 visuque
916 3277 1017 3351 sagaci

245 3357 375 3418 Rirnatur
393 3360 507 3435 positos
526 3368 555 3419 et
574 3376 700 3438 corpora
720 3377 813 3437 prona
831 3361 946 3438 supinat

245 3441 434 3517 Incumbens,
459 3445 647 3522 queriturque
669 3463 769 3522 parum
791 3444 954 3505 lucentibus
976 3445 1072 3505 astris.
1204 3459 1267 3513 290

309 3527 397 3587 Forte
421 3529 602 3606 soporiferas
622 3528 699 3588 coeli
720 3538 838 3589 secreta
859 3548 915 3607 per
935 3527 1050 3588 umbras

245 3611 333 3684 luno,
357 3615 419 3671 sinu
440 3614 536 3688 magni
557 3623 650 3674 semet
671 3613 765 3673 furata
785 3615 889 3688 mariti,

247 3695 381 3764 ‚Plreseos
402 3697 438 3756 ad
459 3715 573 3774 nrurcs,
599 3707 627 3758 ut
648 3697 766 3759 Pallada
788 3698 939 3776 flecteret⁷
960 3699 1030 3775 ibat,
