2842 4300
251 333 295 412 ιβ
592 345 625 394 Ρ.
647 345 782 397 ruptum
804 344 921 396 sunan

255 499 293 561 Et
313 498 481 560 Pharsalica
503 497 583 559 bella
602 496 767 576 detonabis,

257 584 343 660 Quod
362 582 471 642 fulmen
493 583 576 644 ducis
598 585 773 644 interamna
795 584 864 658 divi,

146 717 148 722 ,
256 661 404 728 Libertate
422 685 542 744 gravem
566 669 613 746 pia
635 665 776 728 Catonem

259 750 297 811 Et
315 760 427 828 gratum
448 750 644 829 popularitate
665 750 809 830 Magnum.

256 835 299 894 Tu
318 835 463 895 Pelusiaci
480 835 578 894 scelus
595 832 708 914 Canopi

254 917 387 978 Debebis
406 919 471 997 pius
495 927 524 978 et
545 918 639 979 Pharo
662 927 782 980 cruenta

249 1001 395 1090 ,Pompeio
415 1000 498 1062 dabis
518 1003 604 1062 altius
627 1002 804 1082 sepulerum.

321 1084 414 1145 ‘llaec
437 1087 530 1164 primo
552 1087 664 1146 iuvenis
686 1105 775 1158 canes
795 1087 849 1148 sub
871 1106 958 1165 aevo,

255 1171 332 1230 Ante
353 1186 444 1230 anuos
466 1169 569 1230 culicis
588 1169 794 1232 Maroniani

256 1251 350 1314 Cedet
371 1253 453 1313 Musa
473 1254 551 1313 rudis
573 1255 683 1323 ferocis
704 1253 779 1315 Enni

254 1336 293 1398 Et
315 1337 394 1398 docti
414 1337 497 1396 furor
515 1338 621 1398 arduus
643 1337 771 1414 Lucreti,

215 1471 217 1478 ι
253 1420 292 1482 Et
310 1423 359 1500 qui
377 1439 432 1499 per
453 1421 529 1482 freta
554 1423 634 1482 duxit
655 1421 852 1498 Argonautas,

148 1543 151 1546 -
251 1502 294 1565 Et·
314 1507 363 1584 qui
385 1521 510 1583 corpora
532 1507 623 1585 prima
645 1505 840 1582 transfigurat.

254 1589 331 1662 Quid
352 1589 443 1648 maius
462 1587 590 1668 loquor?
634 1587 701 1668 lpsa
722 1598 752 1648 te
773 1587 881 1650 Latinis

252 1673 364 1732 Aeneis
385 1672 572 1732 venerabitur
595 1681 758 1735 canentem.

252 1755 317 1816 Nec
340 1755 434 1814 solum
456 1755 531 1816 dabo
554 1758 687 1816 carminis
710 1757 843 1831 nitorem,

252 1841 313 1913 Sed
333 1838 427 1898 taedis
449 1839 625 1940 genitalibus
646 1839 751 1900 dicabo

251 1899 376 1983 Doctam
395 1932 481 2001 atque
502 1925 619 2000 ingenio
642 1933 691 1983 tuo
714 1923 863 2001 decoram,
917 1930 922 1946 '

252 2007 376 2080 Qualem
398 2007 504 2067 blanda
525 2007 626 2066 Venus
650 2007 792 2089 daretque
814 2008 904 2085 luno,

253 2089 611 2170 [Forma,.simplieitate,
635 2094 782 2168 comitate,

246 2172 374 2251 ’(ὶθιιιιι,Ι
391 2172 549 2253 sanguine,
569 2176 678 2253 gratia,
700 2176 838 2255 decorels

251 2257 289 2332 Et
306 2268 424 2317 vestros
443 2259 626 2333 hymenaeon
646 2267 714 2318 aute
733 2268 837 2336 postes
910 2271 913 2280 ⁴
1017 2273 1020 2281 “

250 2338 347 2401 Pestis
370 2342 502 2401 cantibus
523 2344 588 2419 ipsa
609 2342 788 2419 personabo.

316 2423 361 2483 ³0
386 2443 493 2485 saevae
516 2426 631 2483 nimium
651 2442 819 2502 gravesque
841 2424 966 2485 Pareae!
1028 2426 1050 2446 ·“
1078 2426 1091 2458 ²⁴
1154 2433 1157 2440 ·
1227 2429 1245 2442 ’·

251 2506 451 2585 Onumquam
474 2508 540 2568 data
559 2508 617 2567 lata
639 2507 728 2585 ionga
747 2509 932 2574 sumunt·
946 2533 958 2544 e
1040 2524 1044 2531 =
1094 2525 1097 2535 ·
1149 2528 1160 2540 ⁴«
1211 2533 1216 2543 .

251 2589 311 2651 Cur
334 2590 416 2668 plus,
439 2591 542 2667 ardua,
568 2590 686 2653 casibus
708 2589 835 2671 patetis?
1010 2597 1048 2626 ²·

251 2672 311 2733 Cur
332 2692 421 2733 saeva
442 2674 508 2734 viee
530 2692 632 2751 magna
650 2692 709 2733 non
727 2673 928 2736 senescunt?
1014 2693 1028 2707 ··
1078 2683 1091 2701 “·

249 2750 300 2819 ‘ste
322 2766 418 2817 natum
439 2756 606 2819 Nasamonii
623 2757 762 2819 Tonantis
876 2788 880 2795 -

248 2842 320 2901 Post
341 2850 422 2901 ortus
444 2841 599 2919 obitusque
620 2842 786 2902 fulminatos
880 2866 884 2871 ⁴
920 2847 934 2880 '²
981 2855 1004 2869 ·“
1055 2854 1059 2876 ·
1161 2856 1177 2880 ·=
1229 2857 1232 2865 ·

160 2927 171 2939 “
248 2926 381 3001 Augusto
403 2924 537 2999 Babylon
557 2926 662 3012 premit
682 2926 831 3005 sepulcro.
931 2958 934 2966 ·
1040 2962 1044 2969 .
1209 2956 1213 2963 -

249 3008 300 3068 Sic
321 3008 408 3067 lixum
426 3006 537 3067 Paridis
557 3024 641 3087 manu
661 3011 802 3069 trementi
875 3026 888 3035 ··
936 3038 940 3045 ·
1001 3037 1006 3050 1
1158 3025 1173 3049 ¹·

247 3090 371 3151 Peliden
392 3089 493 3149 Thetis
516 3090 612 3151 obruit
633 3094 817 3154 adanam

247 3172 298 3233 Sic
320 3174 392 3253 ripis
414 3190 472 3250 ego
493 3177 693 3235 murmurantis
714 3176 806 3236 liebri
983 3218 988 3225 -
1058 3205 1061 3213 ·
1104 3186 1109 3194 ’

246 3256 312 3315 Non
330 3266 436 3317 mutum
458 3266 545 3336 caput
567 3256 704 3339 Orpheos
725 3260 883 3337 sequebar.
969 3315 972 3321 .

247 3340 296 3399 Sic
319 3348 349 3399 et
371 3373 413 3387 -·
433 3348 463 3399 tu
484 3340 578 3401 rabidi
597 3342 680 3401 nefas
703 3343 833 3417 tyranni!
854 3376 897 3389 -

245 3423 344 3483 iussus
364 3424 556 3502 praecipitem
575 3425 673 3484 subire
690 3424 812 3501 Lethen,

243 3504 319 3565 Dum
339 3524 452 3585 pugnas
472 3510 552 3566 canis
571 3508 719 3585 arduaque
737 3526 815 3569 voce

243 3588 304 3653 Das
326 3590 429 3651 solatia
452 3590 611 3668 grandibus
633 3591 792 3669 sepulcris,
