2842 4300
483 356 684 409 THEBAHJOS
706 358 777 410 ΜΒ.
794 359 827 407 V.

157 511 287 574 Cernere
311 522 388 590 erat,
412 513 575 594 iugulisque
592 515 681 577 modo
703 517 842 577 torrentis
862 517 973 595 apertis
1089 576 1102 597 „

156 598 301 675 Sanguine
324 601 477 660 commixto
499 600 667 661 redeuntem
689 602 718 661 in
739 600 845 680 pocula
867 600 1021 670 bacchum.

154 683 208 743 Hic
230 684 361 745 iuvenum
380 702 480 745 manus
503 694 533 745 et
551 685 637 747 nullis
659 685 806 747 violabilis
826 688 911 748 armis

155 766 251 828 Turba
272 786 377 844 senes,
402 770 548 848 positique
570 779 682 849 patrum
704 789 795 848 super
814 788 866 829 ora
887 779 1051 848 gementum
1115 845 1119 853 Ι

156 853 324 913 Semineces
346 856 445 952 pueri,
469 854 597 930 trepidas
618 856 646 923 in
664 854 761 922 limine
776 857 859 915 vitae
1096 865 1148 919 neo

120 972 122 978 ·
155 936 317 1014 singultant
339 940 456 997 animas.
501 936 615 1011 Gelida
624 956 682 999 non
703 942 820 1001 saevius
842 936 916 1000 Osse

154 1020 309 1083 luxuriant
329 1021 527 1101 Lapitharum
534 1023 656 1102 epulae,
676 1025 701 1083 si
722 1023 836 1102 quando
859 1021 1019 1122 profundo
1102 1095 1104 1100 Ι
1128 1092 1132 1101 Ι

154 1103 325 1183 Nubigenae
348 1107 466 1169 caluere
485 1125 583 1177 mero;
607 1110 657 1169 rix
680 1110 789 1187 prinus
809 1108 876 1168 ab
861 1126 916 1169 ura
961 1159 963 1163 .

152 1188 269 1266 Pallor,
289 1200 318 1251 et
337 1192 458 1291 inpulsis
480 1202 601 1270 surgunt
619 1193 655 1253 ad
677 1194 790 1271 proelia
811 1194 932 1273 marasim
1032 1245 1034 1248 ,

215 1274 316 1335 ‘Tune
336 1277 456 1355 primum
479 1295 546 1337 sese
563 1278 693 1356 trepidis
706 1277 760 1337 snb
783 1288 881 1337 nocte
887 1264 1067 1353 Thyoneus
1097 1285 1148 1340 205

153 1360 290 1437 Detexit,
313 1369 380 1419 nato
402 1370 521 1438 portans
545 1371 675 1421 extrema
696 1361 819 1424 Thoanti
1014 1428 1041 1443 ..

151 1444 304 1522 Subsidie,
326 1454 355 1504 et
373 1444 462 1505 multa
483 1443 593 1505 subitus
613 1462 693 1505 cum
702 1445 770 1506 luce
790 1445 916 1506 refulsit
981 1478 984 1485 ·

152 1529 284 1607 Agnovi:
307 1546 366 1588 ncn
386 1528 437 1587 ille
460 1527 574 1608 quidem
597 1531 740 1607 turgentia
763 1532 850 1592 sertis
905 1551 942 1588 .··

152 1614 318 1691 Tempora,
339 1632 395 1673 nec
415 1612 489 1673 llara
511 1615 619 1673 crinem
638 1614 807 1675 distinxerat
826 1632 898 1689 uva,

149 1698 289 1775 Nubilus,
311 1695 514 1775 indignumque
538 1698 630 1759 oculis
652 1698 828 1778 liquentibus
849 1697 971 1759 imbrem
1095 1706 1148 1762 270

150 1783 333 1861 Alloquitur:
358 1780 444 1843 ‘Dum
464 1782 522 1843 lata
540 1780 645 1846 dabant
665 1784 733 1860 tibi,
756 1793 841 1859 nate,
864 1792 1013 1861 potentem

148 1866 295 1943 lemnon,
318 1867 496 1927 etexternis
520 1866 604 1927 etiam
625 1886 745 1932 servare
766 1868 922 1933 timendam
1103 1863 1107 1871 ⁴

150 1950 293 2013 (lentibus
314 1951 388 2012 baud
406 1968 540 2029 umquam
558 1952 633 2011 iusto
655 1970 720 2013 mea
743 1970 812 2011 cura
832 1951 925 2012 labori

148 2035 283 2097 Destitit:
306 2035 609 2097 absciderunttristes
632 2036 760 2096 crudelia
781 2034 899 2097 Pareae.

151 2122 297 2198 Stamina,
318 2139 373 2182 nec
391 2120 494 2196 dictis,
513 2120 639 2199 supplex
660 2138 735 2200 quae
756 2120 879 2201 plurime
900 2116 959 2183 ludi
1094 2124 1147 2183 275

148 2206 224 2267 Ante
243 2206 346 2268 lovem
365 2207 487 2282 frustra,
512 2204 697 2284 lacrimisque
717 2214 852 2267 avertere
874 2204 967 2286 luctus
1042 2268 1045 2274 ,

149 2289 296 2370 Contigit:
318 2289 460 2352 infandum
480 2298 564 2352 natae
588 2291 735 2352 concessit
753 2290 914 2353 bonorem)
995 2334 997 2339 -

148 2376 328 2437 Accelerate
350 2377 463 2474 lugam,
485 2384 589 2453 tuque,
612 2392 632 2435 o
650 2393 716 2436 mea
739 2375 824 2456 digna
846 2391 997 2454 propago,

149 2459 209 2522 llac
231 2479 326 2538 rege,
346 2462 448 2538 virgo,
469 2468 596 2539 patrem,
618 2461 725 2536 gemini
749 2478 806 2540 qua
825 2459 944 2544 brachia
963 2458 1035 2521 muri
1107 2457 1110 2464 '

148 2543 224 2605 Litus
248 2553 336 2621 eunt,
356 2545 422 2620 illa,
440 2561 499 2626 qua
520 2561 585 2604 rara
608 2545 737 2621 silentia,
760 2553 845 2624 porta
1021 2612 1024 2619 ι
1093 2538 1146 2626 280

149 2630 211 2690 Stat
232 2629 353 2690 funesta
374 2629 472 2688 Venus
489 2629 637 2707 ferroque
650 2631 782 2690 accincta
799 2628 929 2691 furentes

148 2713 285 2774 Adiuvat.
330 2712 413 2774 Unde
430 2731 549 2789 .,nranus
571 2713 647 2774 unde
666 2713 741 2773 haec
764 2711 905 2774 blavortie
927 2708 1011 2772 diuae

147 2795 297 2859 Pectora?
320 2807 350 2858 tu
369 2799 428 2859 lato
450 2759 561 2878 patrerb
583 2799 730 2860 committe
751 2796 938 2880 profundo.

147 2883 313 2944 Succedam
334 2884 433 2944 curis!
476 2882 519 2944 lta
535 2883 638 2944 fatus
629 2903 658 2944 m
678 2901 748 2944 aere
768 2899 867 2942 rursus

147 2967 294 3045 Solvitur,
319 2977 349 3028 et
369 2976 514 3044 codrum,
536 2968 615 3028 visus
636 2967 801 3030 arcentibus
822 2965 946 3045 umbris,
1092 2971 1143 3028 285

147 3049 220 3113 blitis
249 3055 309 3114 iter
331 3053 437 3131 longae
462 3053 582 3114 claravit
604 3053 692 3114 limite
715 3053 856 3114 dammae.
957 3105 961 3110 .
1021 3091 1025 3097 -

115 3149 117 3216 ἰ
209 3136 292 3211 ‘Qua
309 3137 415 3198 deta
391 3156 474 3215 signa
490 3155 612 3216 sequor;
635 3139 702 3198 dein
721 3153 809 3198 curva
828 3134 936 3200 robore
952 3133 1080 3196 clausum

116 3225 117 3230 ’
145 3218 195 3281 Dis
210 3222 324 3302 pelagi
345 3224 498 3301 ventisque
518 3231 547 3281 et
566 3221 708 3297 oreiadas
732 3221 896 3299 Aegaeoni

144 3303 292 3387 Amplexu
319 3306 488 3368 commendo
511 3315 637 3384 patrem,
660 3325 716 3367 nec
733 3305 852 3368 fletibus
870 3321 1003 3389 umquam

144 3390 186 3450 Sit
206 3393 316 3453 modus
339 3391 472 3468 alternis,
501 3392 529 3450 ni
549 3392 603 3452 iam
620 3390 740 3454 dimittat
760 3389 825 3452 lieo
951 3453 985 3476 ·.
1089 3393 1142 3452 200

143 3471 259 3536 Lucifer
282 3485 363 3536 astra
385 3476 467 3555 polo
511 3474 582 3538 Tum
604 3475 717 3539 demum
736 3475 823 3537 litore
843 3490 933 3534 rauco
1027 3470 1031 3479 “

136 3555 230 3628 ιΜιιΙιιι
253 3570 338 3622 metu
352 3567 497 3641 reputans
521 3569 551 3620 et
572 3562 621 3632 vix
641 3561 751 3638 conlisa
771 3560 869 3635 Lyaeo
971 3595 974 3601 ·

144 3639 315 3724 Diridor,'
306 3663 374 3726 rpsa
392 3645 485 3725 gradu
506 3647 615 3726 nitens,
639 3645 692 3708 sed
714 3654 743 3708 et
764 3645 848 3707 anxia
869 3651 985 3788 ιειιιιΙί
1002 3703 1005 3715 ,
1097 3693 1101 3701 .
