2842 4300
214 378 279 439 ’44
575 387 608 438 Ρ.
629 387 763 437 euentu
786 385 902 438 sustu

237 545 363 607 Vertere
381 543 468 606 humo
490 542 637 626 murisque
659 545 760 608 ualent
779 543 888 606 inferre
905 542 1032 620 iuuenci,
1188 551 1243 610 500

238 630 370 711 Rupibus
391 629 505 698 avellit:
526 629 593 690 dein
614 639 678 692 toto
699 632 839 708 sanguine
860 627 943 689 ninus

239 717 382 792 Sustinet,
404 715 546 776 inmunem
567 733 712 793 quaerens
735 715 843 776 librare
865 715 986 791 ruinam,

239 800 342 875 Qualis
361 800 390 859 in
411 799 553 860 adversos
573 800 709 879 Lapithas
732 801 827 860 erexit
846 799 958 859 inanem

238 884 435 962 Magnanimus
454 893 568 945 cratera
591 884 709 945 Pholus.
754 885 859 963 Stupet
881 882 968 944 obvia
988 881 1049 943 leto

239 969 336 1030 'l'urba
357 978 586 1049 superstantem
604 978 692 1048 atque
714 970 812 1030 emissi
833 966 945 1028 turbine
963 969 1067 1028 montis
1184 978 1237 1034 555

239 1053 391 1123 Obruitur;
413 1052 497 1114 simul
517 1069 571 1115 ora
590 1054 697 1131 virum,
721 1053 805 1114 simul
826 1071 904 1114 arma
923 1070 1079 1132 manusque

240 1138 403 1218 Fractaque
425 1139 579 1199 commixto
600 1139 740 1199 sederunt
759 1147 881 1217 pectora
903 1136 995 1200 ferro.

239 1222 384 1297 Quattuor
404 1221 453 1282 hic
473 1222 550 1283 adeo
570 1223 679 1284 deiecti
699 1223 778 1284 mole
799 1221 853 1282 sub
871 1239 927 1283 una

241 1306 462 1385 Gongemuere,
485 1308 555 1385 fuga
575 1307 776 1370 tremefactum
797 1307 929 1387 protinus
947 1323 1051 1385 agmen

238 1391 393 1453 Excutitm
413 1393 538 1472 coeptis.
581 1391 686 1472 Neque
708 1394 783 1454 enim
804 1391 958 1453 temnenda
979 1391 1114 1453 iacebant
1184 1397 1238 1455 570

239 1475 369 1538 Funera:
391 1475 545 1538 fulmineus
566 1476 711 1554 Dorylas,
731 1495 817 1557 quem
839 1476 959 1555 regibus
981 1475 1087 1536 ardens

239 1560 393 1640 Aequabat
413 1561 522 1638 virtus,
543 1561 702 1642 llartisqne
722 1581 739 1622 5
762 1562 872 1622 semine
893 1561 1012 1621 Theron

240 1645 419 1724 Terrigenas
441 1646 568 1706 conlisus
589 1665 678 1723 avos,
700 1665 757 1707 nec
777 1655 896 1707 vertere
919 1646 1051 1724 cuiquam

239 1729 335 1791 Frena
354 1729 500 1790 secundus
521 1729 628 1808 llalys,
648 1732 703 1792 sed
723 1741 792 1792 tunc
813 1731 907 1810 pedes
930 1729 1056 1791 occubat
1077 1731 1165 1808 arvis,

239 1815 458 1894 Pentheumque
484 1814 603 1876 trahens
619 1817 745 1877 nondum
765 1825 796 1876 te
816 1814 987 1876 Phaedimus
1008 1831 1114 1894 aequo,
1189 1820 1241 1878 575

239 1899 372 1976 Bacche,
396 1917 499 1977 genus.
541 1898 672 1974 Quorum
689 1909 722 1961 ut
741 1901 844 1962 subitis
867 1899 1007 1961 exterrita
1027 1900 1093 1961 latis

240 1984 379 2062 Agmina,
401 1983 543 2045 turbatam
562 1985 634 2046 vidit
652 1985 753 2046 laxare
777 1995 934 2061 catervam,

240 2068 324 2142 Quae
347 2066 404 2128 duo
427 2069 491 2130 sola
511 2086 596 2130 manu
617 2080 738 2148 gestans
760 2069 882 2131 acclinia
902 2069 991 2129 monti

239 2153 374 2231 Fixerat,
396 2154 543 2233 intorquet
564 2155 658 2216 iacula
677 2166 707 2217 et
729 2155 905 2234 fugientibus
924 2153 1012 2215 addit.

240 2237 310 2299 Mox
331 2240 360 2298 in
381 2237 467 2317 plana
490 2238 599 2316 libens,
620 2240 698 2302 nudo
715 2260 752 2301 ne
774 2249 897 2319 pectore
919 2238 978 2298 tela
1185 2250 1237 2305 580

240 2322 423 2400 Inciderent,
448 2323 523 2384 saltu
544 2342 691 2403 praeceps
714 2324 860 2400 delentur,
882 2332 912 2385 et
931 2320 1044 2399 orbern,

241 2407 335 2481 Quem
352 2407 456 2486 procul
479 2424 624 2487 oppresso
646 2409 718 2468 uidit
740 2408 875 2469 Therone
897 2407 1037 2482 volutum,

240 2489 406 2571 Corripuit,
425 2501 569 2570 tergoque
589 2500 619 2551 et
637 2492 749 2552 vertice
770 2494 898 2570 tegmine
917 2500 987 2552 noto

241 2577 349 2655 Septus
374 2584 404 2637 et
423 2574 522 2636 hostili
543 2593 731 2656 propugnans
752 2587 875 2657 pectora
896 2594 994 2657 parma

242 2659 388 2721 Constitit.
432 2659 503 2721 lnde
527 2661 631 2722 iterum
651 2662 734 2723 densi
754 2663 952 2740 glomerantur
969 2662 998 2721 in
1018 2676 1103 2721 unum
1188 2670 1240 2725 585

242 2745 395 2824 Ogygidae
417 2745 587 2825 lirmantqne
606 2745 741 2823 gradum;
760 2746 847 2807 trahit
865 2749 947 2808 ocius
969 2760 1070 2806 ensem

240 2830 399 2891 Pletoniam
421 2829 555 2908 Tydeus,
577 2830 720 2892 blavortia
741 2849 859 2893 munera
878 2830 973 2908 magni

240 2914 378 2991 Oeneos,
401 2924 432 2976 et
451 2924 551 2994 partes
574 2916 683 2995 pariter
700 2915 810 2977 divisus
831 2917 859 2975 in
881 2930 981 2975 ornnes

239 2999 302 3061 llos
323 2999 403 3077 obit,
426 3008 514 3078 atque
536 2999 604 3061 illos
620 3000 762 3081 ferroque
783 3000 917 3061 micantia
934 2996 993 3059 tela

239 3084 371 3157 Decutit3
395 3084 556 3163 inpeditant
576 3102 713 3162 numero,
736 3102 828 3165 seque
850 3086 914 3163 ipsa
935 3082 1062 3143 vicissim
1186 3088 1239 3147 590

239 3170 329 3230 Arma
352 3177 499 3248 premunt,
522 3188 579 3230 nec
599 3172 644 3231 vis
667 3170 819 3231 conatibus
840 3168 916 3244 ulla,
939 3166 992 3228 scd
1013 3168 1096 3247 ipsae

241 3253 274 3313 ln
294 3255 393 3315 socios
414 3272 514 3315 errare
535 3272 651 3331 manns,
676 3264 706 3315 et
726 3270 853 3333 corpora
874 3252 958 3313 turba

241 3338 353 3399 Inuolui
373 3338 512 3418 prolapsa
533 3358 599 3400 sua:
622 3348 719 3399 manet
740 3338 791 3398 ille
809 3334 928 3397 ruentes

241 3424 389 3501 Angustus
409 3422 476 3483 telis
499 3431 529 3483 et
550 3422 784 3503 inexpugnabilis
809 3422 914 3481 obstat.

305 3506 371 3567 Non
391 3507 492 3583 aliter,
516 3506 635 3568 Geticae
658 3509 683 3565 si
704 3507 750 3567 las
772 3516 818 3567 est
838 3506 962 3568 credere
984 3504 1140 3589 Phlegrae,
1185 3516 1239 3573 595

241 3593 389 3652 Armatum
408 3592 554 3652 inmensus
575 3592 711 3651 Briareus
732 3592 811 3651 stetit
830 3591 949 3653 aethera
972 3604 1084 3669 contra,

241 3676 314 3739 llinc
332 3675 444 3738 Phoebi
464 3675 635 3757 pharetras,
656 3676 724 3737 hinc
742 3685 845 3739 torvae
863 3676 989 3742 Palladis
1010 3694 1132 3757 angues,

1337 3982 1341 4147 l
