<?xml version="1.0" encoding="UTF-8"?>
<!DOCTYPE html PUBLIC "-//W3C//DTD XHTML 1.0 Transitional//EN"
    "http://www.w3.org/TR/xhtml1/DTD/xhtml1-transitional.dtd">
<html xmlns="http://www.w3.org/1999/xhtml" xml:lang="en" lang="en">
 <head>
  <title>
</title>
<meta http-equiv="Content-Type" content="text/html;charset=utf-8" />
  <meta name='ocr-system' content='tesseract 3.04.00' />
  <meta name='ocr-capabilities' content='ocr_page ocr_carea ocr_par ocr_line ocrx_word'/>
</head>
<body>
  <div class='ocr_page' id='page_1' title='image "./publiuspapinius01quecgoog_0047.png"; bbox 0 0 2842 4300; ppageno 0'>
   <div class='ocr_carea' id='block_1_1' title="bbox 247 375 902 436">
    <p class='ocr_par' dir='ltr' id='par_1_1' title="bbox 247 375 902 436">
     <span class='ocr_line' id='line_1_1' title="bbox 247 375 902 436; baseline -0.011 -1"><span class='ocrx_word' id='word_1_1' title='bbox 247 375 285 436; x_wconf 80' lang='lat'>12</span> <span class='ocrx_word' id='word_1_2' title='bbox 588 384 620 430; x_wconf 79' lang='lat' dir='ltr'>e.</span> <span class='ocrx_word' id='word_1_3' title='bbox 636 381 902 430; x_wconf 77' lang='lat' dir='ltr'>Parmnsrarrr</span> 
     </span>
    </p>
   </div>
   <div class='ocr_carea' id='block_1_2' title="bbox 245 536 1252 1289">
    <p class='ocr_par' dir='ltr' id='par_1_2' title="bbox 245 536 1090 619">
     <span class='ocr_line' id='line_1_2' title="bbox 245 536 1090 619; baseline -0.006 -16"><span class='ocrx_word' id='word_1_4' title='bbox 245 543 283 604; x_wconf 84' lang='lat' dir='ltr'>Et</span> <span class='ocrx_word' id='word_1_5' title='bbox 304 539 422 619; x_wconf 89' lang='lat' dir='ltr'>generis</span> <span class='ocrx_word' id='word_1_6' title='bbox 446 537 576 600; x_wconf 78' lang='lat' dir='ltr'>certabat</span> <span class='ocrx_word' id='word_1_7' title='bbox 597 538 709 615; x_wconf 82' lang='lat' dir='ltr'>honos,</span> <span class='ocrx_word' id='word_1_8' title='bbox 730 536 838 600; x_wconf 91' lang='lat' dir='ltr'>tellure</span> <span class='ocrx_word' id='word_1_9' title='bbox 862 537 1013 609; x_wconf 80' lang='lat' dir='ltr'><strong>cadentem</strong></span> <span class='ocrx_word' id='word_1_10' title='bbox 1061 540 1064 545; x_wconf 75' lang='grc'>’</span> <span class='ocrx_word' id='word_1_11' title='bbox 1086 572 1090 585; x_wconf 84' lang='lat'>·</span> 
     </span>
    </p>

    <p class='ocr_par' dir='ltr' id='par_1_3' title="bbox 245 621 1251 788">
     <span class='ocr_line' id='line_1_3' title="bbox 245 621 1251 704; baseline -0.005 -16"><span class='ocrx_word' id='word_1_12' title='bbox 245 627 360 704; x_wconf 80' lang='lat' dir='ltr'>Excepi</span> <span class='ocrx_word' id='word_1_13' title='bbox 381 625 499 704; x_wconf 90' lang='lat' dir='ltr'>lovique</span> <span class='ocrx_word' id='word_1_14' title='bbox 522 625 602 692; x_wconf 86' lang='lat' dir='ltr'>sinu;</span> <span class='ocrx_word' id='word_1_15' title='bbox 621 639 678 682; x_wconf 93' lang='lat' dir='ltr'>nec</span> <span class='ocrx_word' id='word_1_16' title='bbox 699 621 776 683; x_wconf 90' lang='lat' dir='ltr'>colla</span> <span class='ocrx_word' id='word_1_17' title='bbox 799 638 949 702; x_wconf 79' lang='lat' dir='ltr'>genasque</span> <span class='ocrx_word' id='word_1_18' title='bbox 1199 630 1251 684; x_wconf 85' lang='lat' dir='ltr'>llu</span> 
     </span>
     <span class='ocr_line' id='line_1_4' title="bbox 246 706 1010 788; baseline -0.007 -17"><span class='ocrx_word' id='word_1_19' title='bbox 246 710 372 771; x_wconf 84' lang='lat' dir='ltr'>Comere</span> <span class='ocrx_word' id='word_1_20' title='bbox 393 727 450 768; x_wconf 90' lang='lat' dir='ltr'>nec</span> <span class='ocrx_word' id='word_1_21' title='bbox 472 708 571 788; x_wconf 89' lang='lat' dir='ltr'>pingui</span> <span class='ocrx_word' id='word_1_22' title='bbox 592 709 701 766; x_wconf 91' lang='lat' dir='ltr'>crinem</span> <span class='ocrx_word' id='word_1_23' title='bbox 724 706 873 766; x_wconf 85' lang='lat' dir='ltr'>deducere</span> <span class='ocrx_word' id='word_1_24' title='bbox 895 723 1010 766; x_wconf 91' lang='lat' dir='ltr'>amomo</span> 
     </span>
    </p>

    <p class='ocr_par' dir='ltr' id='par_1_4' title="bbox 248 789 1073 869">
     <span class='ocr_line' id='line_1_5' title="bbox 248 789 1073 869; baseline -0.008 -13"><span class='ocrx_word' id='word_1_25' title='bbox 248 793 383 856; x_wconf 79' lang='lat' dir='ltr'>cessavit</span> <span class='ocrx_word' id='word_1_26' title='bbox 405 810 490 869; x_wconf 86' lang='lat' dir='ltr'>mea,</span> <span class='ocrx_word' id='word_1_27' title='bbox 510 801 594 868; x_wconf 92' lang='lat' dir='ltr'>nate,</span> <span class='ocrx_word' id='word_1_28' title='bbox 617 810 728 852; x_wconf 90' lang='lat' dir='ltr'>manus.</span> <span class='ocrx_word' id='word_1_29' title='bbox 772 789 842 850; x_wconf 85' lang='lat' dir='ltr'>dllbi</span> <span class='ocrx_word' id='word_1_30' title='bbox 861 790 955 851; x_wconf 89' lang='lat' dir='ltr'>duleis</span> <span class='ocrx_word' id='word_1_31' title='bbox 975 791 1073 868; x_wconf 91' lang='lat' dir='ltr'>imago</span> 
     </span>
    </p>

    <p class='ocr_par' dir='ltr' id='par_1_5' title="bbox 246 873 1252 1208">
     <span class='ocr_line' id='line_1_6' title="bbox 246 873 1095 955; baseline -0.008 -14"><span class='ocrx_word' id='word_1_32' title='bbox 246 879 392 942; x_wconf 80' lang='lat' dir='ltr'><strong>Prosiluit.</strong></span> <span class='ocrx_word' id='word_1_33' title='bbox 434 873 540 936; x_wconf 79' lang='lat' dir='ltr'>celsae</span> <span class='ocrx_word' id='word_1_34' title='bbox 561 875 666 955; x_wconf 89' lang='lat' dir='ltr'>procul</span> <span class='ocrx_word' id='word_1_35' title='bbox 685 876 806 954; x_wconf 81' lang='lat' dir='ltr'>adspice</span> <span class='ocrx_word' id='word_1_36' title='bbox 827 875 931 934; x_wconf 81' lang='lat' dir='ltr'>frontis</span> <span class='ocrx_word' id='word_1_37' title='bbox 953 875 1095 935; x_wconf 86' lang='lat' dir='ltr'>honorem</span> 
     </span>
     <span class='ocr_line' id='line_1_7' title="bbox 247 957 1136 1040; baseline -0.004 -16"><span class='ocrx_word' id='word_1_38' title='bbox 247 966 484 1040; x_wconf 87' lang='lat' dir='ltr'>Suggestumque</span> <span class='ocrx_word' id='word_1_39' title='bbox 505 977 616 1020; x_wconf 90' lang='lat' dir='ltr'>comae.</span> <span class='ocrx_word' id='word_1_40' title='bbox 658 959 754 1020; x_wconf 87' lang='lat' dir='ltr'>Latias</span> <span class='ocrx_word' id='word_1_41' title='bbox 777 960 898 1034; x_wconf 91' lang='lat' dir='ltr'>metire,</span> <span class='ocrx_word' id='word_1_42' title='bbox 921 959 989 1037; x_wconf 92' lang='lat' dir='ltr'>quid</span> <span class='ocrx_word' id='word_1_43' title='bbox 1010 957 1085 1020; x_wconf 86' lang='lat' dir='ltr'>ultra</span> <span class='ocrx_word' id='word_1_44' title='bbox 1129 963 1136 972; x_wconf 89' lang='lat'><em>&#39;</em></span> 
     </span>
     <span class='ocr_line' id='line_1_8' title="bbox 246 1043 1252 1123; baseline -0.004 -16"><span class='ocrx_word' id='word_1_45' title='bbox 246 1047 380 1107; x_wconf 85' lang='lat' dir='ltr'>Emineat</span> <span class='ocrx_word' id='word_1_46' title='bbox 399 1054 522 1113; x_wconf 67' lang='lat' dir='ltr'>matrem</span> <span class='ocrx_word' id='word_1_47' title='bbox 547 1053 682 1123; x_wconf 89' lang='lat' dir='ltr'>quantum</span> <span class='ocrx_word' id='word_1_48' title='bbox 703 1043 824 1104; x_wconf 84' lang='lat' dir='ltr'>Latonia</span> <span class='ocrx_word' id='word_1_49' title='bbox 843 1043 984 1122; x_wconf 70' lang='lat' dir='ltr'>nymphas</span> <span class='ocrx_word' id='word_1_50' title='bbox 1201 1052 1252 1106; x_wconf 82' lang='lat'>115</span> 
     </span>
     <span class='ocr_line' id='line_1_9' title="bbox 246 1126 1101 1208; baseline -0.007 -17"><span class='ocrx_word' id='word_1_51' title='bbox 246 1132 338 1208; x_wconf 92' lang='lat' dir='ltr'>Virgo</span> <span class='ocrx_word' id='word_1_52' title='bbox 358 1130 478 1208; x_wconf 86' lang='lat' dir='ltr'>premit,</span> <span class='ocrx_word' id='word_1_53' title='bbox 502 1137 696 1208; x_wconf 90' lang='lat' dir='ltr'>quantumque</span> <span class='ocrx_word' id='word_1_54' title='bbox 717 1136 836 1205; x_wconf 83' lang='lat' dir='ltr'>egomet</span> <span class='ocrx_word' id='word_1_55' title='bbox 857 1126 1001 1188; x_wconf 92' lang='lat' dir='ltr'>Nereidas</span> <span class='ocrx_word' id='word_1_56' title='bbox 1022 1136 1101 1188; x_wconf 83' lang='lat' dir='ltr'>exto.</span> 
     </span>
    </p>

    <p class='ocr_par' dir='ltr' id='par_1_6' title="bbox 245 1212 996 1289">
     <span class='ocr_line' id='line_1_10' title="bbox 245 1212 996 1289; baseline -0.005 -13"><span class='ocrx_word' id='word_1_57' title='bbox 245 1215 327 1276; x_wconf 89' lang='lat' dir='ltr'>Haeo</span> <span class='ocrx_word' id='word_1_58' title='bbox 349 1223 379 1274; x_wconf 88' lang='lat' dir='ltr'>ct</span> <span class='ocrx_word' id='word_1_59' title='bbox 401 1212 547 1274; x_wconf 78' lang='lat' dir='ltr'>caeruleis</span> <span class='ocrx_word' id='word_1_60' title='bbox 568 1231 683 1272; x_wconf 90' lang='lat' dir='ltr'>mecum</span> <span class='ocrx_word' id='word_1_61' title='bbox 704 1229 886 1289; x_wconf 83' lang='lat' dir='ltr'>consurgere</span> <span class='ocrx_word' id='word_1_62' title='bbox 909 1212 996 1288; x_wconf 80' lang='lat' dir='ltr'>digua</span> 
     </span>
    </p>
   </div>
   <div class='ocr_carea' id='block_1_3' title="bbox 149 1295 1017 1376">
    <p class='ocr_par' dir='ltr' id='par_1_7' title="bbox 149 1295 1017 1376">
     <span class='ocr_line' id='line_1_11' title="bbox 149 1295 1017 1376; baseline -0.006 -15"><span class='ocrx_word' id='word_1_63' title='bbox 149 1353 152 1360; x_wconf 88' lang='lat'><em>.</em></span> <span class='ocrx_word' id='word_1_64' title='bbox 247 1298 397 1360; x_wconf 88' lang='lat' dir='ltr'>Fluctibus</span> <span class='ocrx_word' id='word_1_65' title='bbox 420 1307 450 1357; x_wconf 90' lang='lat' dir='ltr'>et</span> <span class='ocrx_word' id='word_1_66' title='bbox 469 1306 570 1356; x_wconf 89' lang='lat' dir='ltr'>nostra</span> <span class='ocrx_word' id='word_1_67' title='bbox 593 1298 686 1376; x_wconf 88' lang='lat' dir='ltr'>potuit</span> <span class='ocrx_word' id='word_1_68' title='bbox 709 1296 866 1356; x_wconf 89' lang='lat' dir='ltr'>considere</span> <span class='ocrx_word' id='word_1_69' title='bbox 889 1295 1017 1365; x_wconf 91' lang='lat' dir='ltr'>concba;</span> 
     </span>
    </p>
   </div>
   <div class='ocr_carea' id='block_1_4' title="bbox 177 1379 1260 3735">
    <p class='ocr_par' dir='ltr' id='par_1_8' title="bbox 247 1379 1107 1460">
     <span class='ocr_line' id='line_1_12' title="bbox 247 1379 1107 1460; baseline -0.012 -16"><span class='ocrx_word' id='word_1_70' title='bbox 247 1383 285 1444; x_wconf 87' lang='lat' dir='ltr'>Et</span> <span class='ocrx_word' id='word_1_71' title='bbox 308 1383 333 1442; x_wconf 95' lang='lat' dir='ltr'>si</span> <span class='ocrx_word' id='word_1_72' title='bbox 355 1381 539 1442; x_wconf 91' lang='lat' dir='ltr'>llammileras</span> <span class='ocrx_word' id='word_1_73' title='bbox 560 1381 705 1460; x_wconf 91' lang='lat' dir='ltr'>potuisset</span> <span class='ocrx_word' id='word_1_74' title='bbox 724 1379 868 1440; x_wconf 90' lang='lat' dir='ltr'>scandere</span> <span class='ocrx_word' id='word_1_75' title='bbox 889 1381 979 1440; x_wconf 90' lang='lat' dir='ltr'>sedes</span> <span class='ocrx_word' id='word_1_76' title='bbox 1104 1426 1107 1433; x_wconf 90' lang='lat'><em>.</em></span> 
     </span>
    </p>

    <p class='ocr_par' dir='ltr' id='par_1_9' title="bbox 246 1464 1253 1629">
     <span class='ocr_line' id='line_1_13' title="bbox 246 1464 1253 1546; baseline -0.001 -19"><span class='ocrx_word' id='word_1_77' title='bbox 246 1467 365 1546; x_wconf 90' lang='lat' dir='ltr'>Hasque</span> <span class='ocrx_word' id='word_1_78' title='bbox 388 1468 495 1526; x_wconf 90' lang='lat' dir='ltr'>intrare</span> <span class='ocrx_word' id='word_1_79' title='bbox 515 1464 633 1542; x_wconf 90' lang='lat' dir='ltr'>domos,</span> <span class='ocrx_word' id='word_1_80' title='bbox 657 1467 714 1544; x_wconf 88' lang='lat' dir='ltr'>ipsi</span> <span class='ocrx_word' id='word_1_81' title='bbox 733 1466 887 1541; x_wconf 88' lang='lat' dir='ltr'>erraretis,</span> <span class='ocrx_word' id='word_1_82' title='bbox 910 1464 1046 1524; x_wconf 82' lang='lat' dir='ltr'>Amores.</span> <span class='ocrx_word' id='word_1_83' title='bbox 1201 1473 1253 1526; x_wconf 71' lang='lat'>120</span> 
     </span>
     <span class='ocr_line' id='line_1_14' title="bbox 247 1547 1020 1629; baseline -0.005 -17"><span class='ocrx_word' id='word_1_84' title='bbox 247 1551 321 1612; x_wconf 90' lang='lat' dir='ltr'>Huic</span> <span class='ocrx_word' id='word_1_85' title='bbox 343 1551 473 1629; x_wconf 91' lang='lat' dir='ltr'>quamvis</span> <span class='ocrx_word' id='word_1_86' title='bbox 496 1568 602 1610; x_wconf 89' lang='lat' dir='ltr'>census</span> <span class='ocrx_word' id='word_1_87' title='bbox 625 1549 756 1610; x_wconf 91' lang='lat' dir='ltr'>dederim</span> <span class='ocrx_word' id='word_1_88' title='bbox 778 1549 883 1626; x_wconf 88' lang='lat' dir='ltr'>largita</span> <span class='ocrx_word' id='word_1_89' title='bbox 904 1547 1020 1625; x_wconf 92' lang='lat' dir='ltr'>beatos,</span> 
     </span>
    </p>

    <p class='ocr_par' dir='ltr' id='par_1_10' title="bbox 177 1631 1078 1798">
     <span class='ocr_line' id='line_1_15' title="bbox 177 1631 1078 1714; baseline -0.004 -18"><span class='ocrx_word' id='word_1_90' title='bbox 177 1689 182 1696; x_wconf 90' lang='lat'><em>.</em></span> <span class='ocrx_word' id='word_1_91' title='bbox 247 1635 346 1695; x_wconf 88' lang='lat' dir='ltr'>Vincit</span> <span class='ocrx_word' id='word_1_92' title='bbox 365 1652 439 1714; x_wconf 92' lang='lat' dir='ltr'>opes</span> <span class='ocrx_word' id='word_1_93' title='bbox 462 1635 566 1695; x_wconf 88' lang='lat' dir='ltr'>animo.</span> <span class='ocrx_word' id='word_1_94' title='bbox 608 1631 762 1707; x_wconf 80' lang='lat' dir='ltr'>Querimur</span> <span class='ocrx_word' id='word_1_95' title='bbox 783 1633 839 1693; x_wconf 90' lang='lat' dir='ltr'>iam</span> <span class='ocrx_word' id='word_1_96' title='bbox 860 1634 950 1693; x_wconf 88' lang='lat' dir='ltr'>Seras</span> <span class='ocrx_word' id='word_1_97' title='bbox 972 1649 1078 1692; x_wconf 83' lang='lat' dir='ltr'>avaros</span> 
     </span>
     <span class='ocr_line' id='line_1_16' title="bbox 247 1715 1067 1798; baseline -0.005 -18"><span class='ocrx_word' id='word_1_98' title='bbox 247 1720 409 1797; x_wconf 81' lang='lat' dir='ltr'>Angustum</span> <span class='ocrx_word' id='word_1_99' title='bbox 431 1718 576 1798; x_wconf 87' lang='lat' dir='ltr'>spoliasse</span> <span class='ocrx_word' id='word_1_100' title='bbox 595 1736 696 1778; x_wconf 88' lang='lat' dir='ltr'>nemus</span> <span class='ocrx_word' id='word_1_101' title='bbox 719 1715 1067 1797; x_wconf 79' lang='lat' dir='ltr'>Clymeneaque&#39;deesse</span> 
     </span>
    </p>

    <p class='ocr_par' dir='ltr' id='par_1_11' title="bbox 249 1801 1049 1874">
     <span class='ocr_line' id='line_1_17' title="bbox 249 1801 1049 1874; baseline -0.003 -9"><span class='ocrx_word' id='word_1_102' title='bbox 249 1803 383 1865; x_wconf 85' lang='lat' dir='ltr'>Germina</span> <span class='ocrx_word' id='word_1_103' title='bbox 404 1821 460 1862; x_wconf 91' lang='lat' dir='ltr'>nec</span> <span class='ocrx_word' id='word_1_104' title='bbox 481 1803 590 1862; x_wconf 90' lang='lat' dir='ltr'>virides</span> <span class='ocrx_word' id='word_1_105' title='bbox 613 1803 683 1862; x_wconf 89' lang='lat' dir='ltr'>satis</span> <span class='ocrx_word' id='word_1_106' title='bbox 704 1801 879 1862; x_wconf 88' lang='lat' dir='ltr'>illacrimare</span> <span class='ocrx_word' id='word_1_107' title='bbox 901 1813 1049 1874; x_wconf 69' lang='lat' dir='ltr'>sorores3?</span> 
     </span>
    </p>

    <p class='ocr_par' dir='ltr' id='par_1_12' title="bbox 247 1885 1255 2052">
     <span class='ocr_line' id='line_1_18' title="bbox 247 1885 1255 1966; baseline 0.001 -19"><span class='ocrx_word' id='word_1_108' title='bbox 247 1888 370 1949; x_wconf 88' lang='lat' dir='ltr'>Vellera</span> <span class='ocrx_word' id='word_1_109' title='bbox 390 1887 510 1948; x_wconf 88' lang='lat' dir='ltr'>Sidonio</span> <span class='ocrx_word' id='word_1_110' title='bbox 530 1888 586 1947; x_wconf 89' lang='lat' dir='ltr'>iam</span> <span class='ocrx_word' id='word_1_111' title='bbox 608 1904 702 1966; x_wconf 86' lang='lat' dir='ltr'>pauca</span> <span class='ocrx_word' id='word_1_112' title='bbox 720 1885 884 1946; x_wconf 89' lang='lat' dir='ltr'>rubescere</span> <span class='ocrx_word' id='word_1_113' title='bbox 905 1885 974 1946; x_wconf 91' lang='lat' dir='ltr'>tabo</span> <span class='ocrx_word' id='word_1_114' title='bbox 1204 1895 1255 1948; x_wconf 75' lang='lat' dir='ltr'>las</span> 
     </span>
     <span class='ocr_line' id='line_1_19' title="bbox 248 1969 978 2052; baseline -0.005 -19"><span class='ocrx_word' id='word_1_115' title='bbox 248 1972 384 2052; x_wconf 86' lang='lat' dir='ltr'>Raraque</span> <span class='ocrx_word' id='word_1_116' title='bbox 406 1972 560 2048; x_wconf 84' lang='lat' dir='ltr'>longaevis</span> <span class='ocrx_word' id='word_1_117' title='bbox 577 1969 691 2031; x_wconf 87' lang='lat' dir='ltr'>nivibus</span> <span class='ocrx_word' id='word_1_118' title='bbox 714 1970 853 2045; x_wconf 76' lang='lat' dir='ltr'>crystalla</span> <span class='ocrx_word' id='word_1_119' title='bbox 873 1969 978 2047; x_wconf 80' lang='lat' dir='ltr'>gelati.</span> 
     </span>
    </p>

    <p class='ocr_par' dir='ltr' id='par_1_13' title="bbox 248 2053 1056 2134">
     <span class='ocr_line' id='line_1_20' title="bbox 248 2053 1056 2134; baseline -0.004 -18"><span class='ocrx_word' id='word_1_120' title='bbox 248 2055 322 2116; x_wconf 90' lang='lat' dir='ltr'>Huic</span> <span class='ocrx_word' id='word_1_121' title='bbox 342 2055 478 2115; x_wconf 91' lang='lat' dir='ltr'>Hermum</span> <span class='ocrx_word' id='word_1_122' title='bbox 496 2053 637 2134; x_wconf 81' lang='lat' dir='ltr'>fulvoque</span> <span class='ocrx_word' id='word_1_123' title='bbox 661 2053 772 2132; x_wconf 87' lang='lat' dir='ltr'>Tagum</span> <span class='ocrx_word' id='word_1_124' title='bbox 794 2055 953 2115; x_wconf 88' lang='lat' dir='ltr'>decurrere</span> <span class='ocrx_word' id='word_1_125' title='bbox 974 2053 1056 2127; x_wconf 92' lang='lat' dir='ltr'>limo,</span> 
     </span>
    </p>

    <p class='ocr_par' dir='ltr' id='par_1_14' title="bbox 248 2137 1171 2304">
     <span class='ocr_line' id='line_1_21' title="bbox 248 2137 1171 2202; baseline -0.001 -2"><span class='ocrx_word' id='word_1_126' title='bbox 248 2176 291 2188; x_wconf 80' lang='grc'><strong>-</strong></span> <span class='ocrx_word' id='word_1_127' title='bbox 306 2139 370 2201; x_wconf 91' lang='lat' dir='ltr'>Nec</span> <span class='ocrx_word' id='word_1_128' title='bbox 389 2141 460 2202; x_wconf 88' lang='lat' dir='ltr'>satis</span> <span class='ocrx_word' id='word_1_129' title='bbox 481 2139 516 2201; x_wconf 93' lang='lat' dir='ltr'>ad</span> <span class='ocrx_word' id='word_1_130' title='bbox 539 2139 634 2201; x_wconf 87' lang='lat' dir='ltr'>cultus</span> <span class='ocrx_word' id='word_1_131' title='bbox 656 2173 698 2185; x_wconf 79' lang='grc'><strong>-</strong></span> <span class='ocrx_word' id='word_1_132' title='bbox 717 2137 785 2199; x_wconf 89' lang='lat' dir='ltr'>huic</span> <span class='ocrx_word' id='word_1_133' title='bbox 805 2137 876 2199; x_wconf 94' lang='lat' dir='ltr'>lnda</span> <span class='ocrx_word' id='word_1_134' title='bbox 893 2138 1011 2200; x_wconf 89' lang='lat' dir='ltr'>monilia</span> <span class='ocrx_word' id='word_1_135' title='bbox 1030 2137 1171 2200; x_wconf 87' lang='lat' dir='ltr'>Glaucum</span> 
     </span>
     <span class='ocr_line' id='line_1_22' title="bbox 248 2222 1074 2304; baseline -0.005 -18"><span class='ocrx_word' id='word_1_136' title='bbox 248 2226 413 2304; x_wconf 90' lang='lat' dir='ltr'>Proteaque</span> <span class='ocrx_word' id='word_1_137' title='bbox 436 2235 521 2303; x_wconf 90' lang='lat' dir='ltr'>atque</span> <span class='ocrx_word' id='word_1_138' title='bbox 546 2242 659 2285; x_wconf 91' lang='lat' dir='ltr'>omnem</span> <span class='ocrx_word' id='word_1_139' title='bbox 680 2222 808 2285; x_wconf 89' lang='lat' dir='ltr'>Nereida</span> <span class='ocrx_word' id='word_1_140' title='bbox 831 2242 975 2301; x_wconf 88' lang='lat' dir='ltr'>quaerere</span> <span class='ocrx_word' id='word_1_141' title='bbox 993 2224 1074 2283; x_wconf 92' lang='lat' dir='ltr'>iussi.</span> 
     </span>
    </p>

    <p class='ocr_par' dir='ltr' id='par_1_15' title="bbox 248 2307 1257 2471">
     <span class='ocr_line' id='line_1_23' title="bbox 248 2307 1257 2389; baseline 0.001 -20"><span class='ocrx_word' id='word_1_142' title='bbox 248 2309 329 2370; x_wconf 79' lang='lat' dir='ltr'>lianc</span> <span class='ocrx_word' id='word_1_143' title='bbox 352 2312 376 2369; x_wconf 89' lang='lat' dir='ltr'>si</span> <span class='ocrx_word' id='word_1_144' title='bbox 400 2310 590 2383; x_wconf 80' lang='lat' dir='ltr'>Thessalicos</span> <span class='ocrx_word' id='word_1_145' title='bbox 611 2308 756 2383; x_wconf 87' lang='lat' dir='ltr'>vidisses,</span> <span class='ocrx_word' id='word_1_146' title='bbox 777 2307 914 2384; x_wconf 90' lang='lat' dir='ltr'>Phoebe,</span> <span class='ocrx_word' id='word_1_147' title='bbox 937 2326 992 2389; x_wconf 91' lang='lat' dir='ltr'>per</span> <span class='ocrx_word' id='word_1_148' title='bbox 1014 2324 1114 2387; x_wconf 87' lang='lat' dir='ltr'>agros,</span> <span class='ocrx_word' id='word_1_149' title='bbox 1204 2315 1257 2370; x_wconf 80' lang='lat'>130</span> 
     </span>
     <span class='ocr_line' id='line_1_24' title="bbox 248 2390 921 2471; baseline 0 -18"><span class='ocrx_word' id='word_1_150' title='bbox 248 2394 370 2455; x_wconf 86' lang='lat' dir='ltr'>Erraret</span> <span class='ocrx_word' id='word_1_151' title='bbox 391 2392 514 2471; x_wconf 89' lang='lat' dir='ltr'>Daphne</span> <span class='ocrx_word' id='word_1_152' title='bbox 536 2410 651 2453; x_wconf 88' lang='lat' dir='ltr'>secura.</span> <span class='ocrx_word' id='word_1_153' title='bbox 688 2390 826 2452; x_wconf 86' lang='lat' dir='ltr'>inditore</span> <span class='ocrx_word' id='word_1_154' title='bbox 846 2390 921 2453; x_wconf 79' lang='lat' dir='ltr'>Naxi</span> 
     </span>
    </p>

    <p class='ocr_par' dir='ltr' id='par_1_16' title="bbox 249 2475 991 2555">
     <span class='ocr_line' id='line_1_25' title="bbox 249 2475 991 2555; baseline -0.001 -18"><span class='ocrx_word' id='word_1_155' title='bbox 249 2478 395 2537; x_wconf 84' lang='lat' dir='ltr'>Theseum</span> <span class='ocrx_word' id='word_1_156' title='bbox 414 2478 492 2536; x_wconf 84' lang='lat' dir='ltr'>iuxta</span> <span class='ocrx_word' id='word_1_157' title='bbox 514 2476 592 2536; x_wconf 91' lang='lat' dir='ltr'>loret</span> <span class='ocrx_word' id='word_1_158' title='bbox 611 2475 686 2537; x_wconf 89' lang='lat' dir='ltr'>haec</span> <span class='ocrx_word' id='word_1_159' title='bbox 706 2486 866 2555; x_wconf 88' lang='lat' dir='ltr'>conspecta</span> <span class='ocrx_word' id='word_1_160' title='bbox 882 2476 991 2552; x_wconf 85' lang='lat' dir='ltr'>cubile,</span> 
     </span>
    </p>

    <p class='ocr_par' dir='ltr' id='par_1_17' title="bbox 249 2560 1032 2640">
     <span class='ocr_line' id='line_1_26' title="bbox 249 2560 1032 2640; baseline -0.005 -19"><span class='ocrx_word' id='word_1_161' title='bbox 249 2561 376 2623; x_wconf 85' lang='lat' dir='ltr'>Gnosida</span> <span class='ocrx_word' id='word_1_162' title='bbox 398 2560 545 2621; x_wconf 91' lang='lat' dir='ltr'>desertam</span> <span class='ocrx_word' id='word_1_163' title='bbox 566 2560 709 2640; x_wconf 81' lang='lat' dir='ltr'>profugus</span> <span class='ocrx_word' id='word_1_164' title='bbox 732 2560 869 2639; x_wconf 90' lang='lat' dir='ltr'>liquisset</span> <span class='ocrx_word' id='word_1_165' title='bbox 889 2570 918 2621; x_wconf 90' lang='lat' dir='ltr'>et</span> <span class='ocrx_word' id='word_1_166' title='bbox 940 2560 1032 2621; x_wconf 80' lang='lat' dir='ltr'>Euan.</span> 
     </span>
    </p>

    <p class='ocr_par' dir='ltr' id='par_1_18' title="bbox 197 2644 1017 2727">
     <span class='ocr_line' id='line_1_27' title="bbox 197 2644 1017 2727; baseline -0.004 -22"><span class='ocrx_word' id='word_1_167' title='bbox 197 2694 199 2699; x_wconf 95' lang='lat'><em>.</em></span> <span class='ocrx_word' id='word_1_168' title='bbox 250 2644 336 2719; x_wconf 83' lang='lat' dir='ltr'>Quod</span> <span class='ocrx_word' id='word_1_169' title='bbox 355 2646 409 2705; x_wconf 91' lang='lat' dir='ltr'>nisi</span> <span class='ocrx_word' id='word_1_170' title='bbox 431 2664 477 2704; x_wconf 95' lang='lat' dir='ltr'>me</span> <span class='ocrx_word' id='word_1_171' title='bbox 496 2645 591 2723; x_wconf 87' lang='lat' dir='ltr'>longis</span> <span class='ocrx_word' id='word_1_172' title='bbox 613 2644 764 2724; x_wconf 87' lang='lat' dir='ltr'>placasset</span> <span class='ocrx_word' id='word_1_173' title='bbox 784 2644 855 2705; x_wconf 92' lang='lat' dir='ltr'>luno</span> <span class='ocrx_word' id='word_1_174' title='bbox 874 2644 1017 2727; x_wconf 79' lang='lat' dir='ltr'>querelis,</span> 
     </span>
    </p>

    <p class='ocr_par' dir='ltr' id='par_1_19' title="bbox 248 2728 1256 2892">
     <span class='ocr_line' id='line_1_28' title="bbox 248 2728 1256 2808; baseline 0 -18"><span class='ocrx_word' id='word_1_175' title='bbox 248 2729 351 2791; x_wconf 87' lang='lat' dir='ltr'>Falsas</span> <span class='ocrx_word' id='word_1_176' title='bbox 371 2730 438 2790; x_wconf 89' lang='lat' dir='ltr'>huic</span> <span class='ocrx_word' id='word_1_177' title='bbox 460 2747 570 2808; x_wconf 86' lang='lat' dir='ltr'>pennas</span> <span class='ocrx_word' id='word_1_178' title='bbox 593 2739 623 2789; x_wconf 89' lang='lat' dir='ltr'>et</span> <span class='ocrx_word' id='word_1_179' title='bbox 646 2746 756 2790; x_wconf 90' lang='lat' dir='ltr'>cornua</span> <span class='ocrx_word' id='word_1_180' title='bbox 777 2739 906 2789; x_wconf 91' lang='lat' dir='ltr'>sumeret</span> <span class='ocrx_word' id='word_1_181' title='bbox 925 2728 1046 2789; x_wconf 89' lang='lat' dir='ltr'>aethrae</span> <span class='ocrx_word' id='word_1_182' title='bbox 1205 2735 1256 2791; x_wconf 81' lang='lat'>135</span> 
     </span>
     <span class='ocr_line' id='line_1_29' title="bbox 249 2813 1043 2892; baseline -0.004 -18"><span class='ocrx_word' id='word_1_183' title='bbox 249 2814 377 2889; x_wconf 89' lang='lat' dir='ltr'>Rector,</span> <span class='ocrx_word' id='word_1_184' title='bbox 397 2815 425 2873; x_wconf 93' lang='lat' dir='ltr'>ln</span> <span class='ocrx_word' id='word_1_185' title='bbox 445 2813 520 2874; x_wconf 87' lang='lat' dir='ltr'>hanc</span> <span class='ocrx_word' id='word_1_186' title='bbox 540 2831 613 2873; x_wconf 85' lang='lat' dir='ltr'>vero</span> <span class='ocrx_word' id='word_1_187' title='bbox 634 2814 793 2875; x_wconf 86' lang='lat' dir='ltr'>cecidisset</span> <span class='ocrx_word' id='word_1_188' title='bbox 807 2813 942 2892; x_wconf 87' lang='lat' dir='ltr'>Juppiter</span> <span class='ocrx_word' id='word_1_189' title='bbox 962 2830 1043 2873; x_wconf 89' lang='lat' dir='ltr'>auro.</span> 
     </span>
    </p>

    <p class='ocr_par' dir='ltr' id='par_1_20' title="bbox 249 2896 1105 2977">
     <span class='ocr_line' id='line_1_30' title="bbox 249 2896 1105 2977; baseline -0.005 -18"><span class='ocrx_word' id='word_1_190' title='bbox 249 2896 309 2959; x_wconf 89' lang='lat' dir='ltr'>Sed</span> <span class='ocrx_word' id='word_1_191' title='bbox 332 2898 445 2958; x_wconf 88' lang='lat' dir='ltr'>dabitur</span> <span class='ocrx_word' id='word_1_192' title='bbox 467 2899 580 2974; x_wconf 91' lang='lat' dir='ltr'>iuveni,</span> <span class='ocrx_word' id='word_1_193' title='bbox 604 2899 651 2958; x_wconf 88' lang='lat' dir='ltr'>cui</span> <span class='ocrx_word' id='word_1_194' title='bbox 671 2906 720 2973; x_wconf 92' lang='lat' dir='ltr'>tu,</span> <span class='ocrx_word' id='word_1_195' title='bbox 741 2916 806 2957; x_wconf 89' lang='lat' dir='ltr'>meu</span> <span class='ocrx_word' id='word_1_196' title='bbox 829 2916 938 2958; x_wconf 86' lang='lat' dir='ltr'>summa</span> <span class='ocrx_word' id='word_1_197' title='bbox 959 2904 1105 2977; x_wconf 85' lang='lat' dir='ltr'>potestas,</span> 
     </span>
    </p>

    <p class='ocr_par' dir='ltr' id='par_1_21' title="bbox 248 2980 1090 3061">
     <span class='ocr_line' id='line_1_31' title="bbox 248 2980 1090 3061; baseline -0.001 -19"><span class='ocrx_word' id='word_1_198' title='bbox 248 2982 340 3058; x_wconf 88' lang='lat' dir='ltr'>Nate,</span> <span class='ocrx_word' id='word_1_199' title='bbox 364 2984 464 3061; x_wconf 90' lang='lat' dir='ltr'>cupis,</span> <span class='ocrx_word' id='word_1_200' title='bbox 488 2980 606 3041; x_wconf 90' lang='lat' dir='ltr'>thalami</span> <span class='ocrx_word' id='word_1_201' title='bbox 628 2982 758 3061; x_wconf 85' lang='lat' dir='ltr'>quamvis</span> <span class='ocrx_word' id='word_1_202' title='bbox 777 2983 845 3059; x_wconf 89' lang='lat' dir='ltr'>iuga</span> <span class='ocrx_word' id='word_1_203' title='bbox 865 2981 944 3041; x_wconf 83' lang='lat' dir='ltr'>ferre</span> <span class='ocrx_word' id='word_1_204' title='bbox 966 2980 1090 3041; x_wconf 90' lang='lat' dir='ltr'>secundi</span> 
     </span>
    </p>

    <p class='ocr_par' dir='ltr' id='par_1_22' title="bbox 249 3064 1079 3145">
     <span class='ocr_line' id='line_1_32' title="bbox 249 3064 1079 3145; baseline -0.004 -18"><span class='ocrx_word' id='word_1_205' title='bbox 249 3068 348 3145; x_wconf 88' lang='lat' dir='ltr'>Saepe</span> <span class='ocrx_word' id='word_1_206' title='bbox 370 3074 460 3143; x_wconf 91' lang='lat' dir='ltr'>neget</span> <span class='ocrx_word' id='word_1_207' title='bbox 481 3077 628 3125; x_wconf 88' lang='lat' dir='ltr'>moerens.</span> <span class='ocrx_word' id='word_1_208' title='bbox 673 3064 771 3145; x_wconf 88' lang='lat' dir='ltr'>Ipsam</span> <span class='ocrx_word' id='word_1_209' title='bbox 790 3067 845 3126; x_wconf 91' lang='lat' dir='ltr'>iam</span> <span class='ocrx_word' id='word_1_210' title='bbox 868 3065 976 3125; x_wconf 92' lang='lat' dir='ltr'>cedere</span> <span class='ocrx_word' id='word_1_211' title='bbox 999 3068 1079 3125; x_wconf 84' lang='lat' dir='ltr'>sensi</span> 
     </span>
    </p>

    <p class='ocr_par' dir='ltr' id='par_1_23' title="bbox 248 3149 1260 3313">
     <span class='ocr_line' id='line_1_33' title="bbox 248 3149 1260 3230; baseline 0.002 -20"><span class='ocrx_word' id='word_1_212' title='bbox 248 3150 339 3229; x_wconf 91' lang='lat' dir='ltr'>Inque</span> <span class='ocrx_word' id='word_1_213' title='bbox 359 3152 454 3209; x_wconf 89' lang='lat' dir='ltr'>vicem</span> <span class='ocrx_word' id='word_1_214' title='bbox 476 3152 607 3230; x_wconf 89' lang='lat' dir='ltr'>tepuisse</span> <span class='ocrx_word' id='word_1_215' title='bbox 628 3150 723 3209; x_wconf 89' lang='lat' dir='ltr'>viro.’</span> <span class='ocrx_word' id='word_1_216' title='bbox 764 3149 814 3210; x_wconf 88' lang='lat' dir='ltr'>Sic</span> <span class='ocrx_word' id='word_1_217' title='bbox 831 3151 890 3211; x_wconf 87' lang='lat' dir='ltr'>fata</span> <span class='ocrx_word' id='word_1_218' title='bbox 911 3150 1021 3209; x_wconf 82' lang='lat' dir='ltr'>levavit</span> <span class='ocrx_word' id='word_1_219' title='bbox 1207 3157 1260 3212; x_wconf 77' lang='lat'>140</span> 
     </span>
     <span class='ocr_line' id='line_1_34' title="bbox 250 3232 1013 3313; baseline -0.003 -18"><span class='ocrx_word' id='word_1_220' title='bbox 250 3236 390 3295; x_wconf 89' lang='lat' dir='ltr'>Sidereos</span> <span class='ocrx_word' id='word_1_221' title='bbox 414 3242 492 3294; x_wconf 88' lang='lat' dir='ltr'>artus</span> <span class='ocrx_word' id='word_1_222' title='bbox 510 3234 686 3313; x_wconf 88' lang='lat' dir='ltr'>thalamique</span> <span class='ocrx_word' id='word_1_223' title='bbox 710 3252 834 3311; x_wconf 89' lang='lat' dir='ltr'>egressa</span> <span class='ocrx_word' id='word_1_224' title='bbox 855 3232 1013 3313; x_wconf 89' lang='lat' dir='ltr'>superbum</span> 
     </span>
    </p>

    <p class='ocr_par' dir='ltr' id='par_1_24' title="bbox 249 3318 963 3393">
     <span class='ocr_line' id='line_1_35' title="bbox 249 3318 963 3393; baseline -0.003 -15"><span class='ocrx_word' id='word_1_225' title='bbox 249 3318 348 3378; x_wconf 92' lang='lat' dir='ltr'>Limen</span> <span class='ocrx_word' id='word_1_226' title='bbox 369 3318 549 3393; x_wconf 79' lang='lat' dir='ltr'>Amyclaeos</span> <span class='ocrx_word' id='word_1_227' title='bbox 571 3319 607 3378; x_wconf 94' lang='lat' dir='ltr'>ad</span> <span class='ocrx_word' id='word_1_228' title='bbox 627 3318 710 3377; x_wconf 91' lang='lat' dir='ltr'>lrena</span> <span class='ocrx_word' id='word_1_229' title='bbox 733 3318 831 3379; x_wconf 84' lang='lat' dir='ltr'>citavit</span> <span class='ocrx_word' id='word_1_230' title='bbox 853 3318 963 3379; x_wconf 88' lang='lat' dir='ltr'>olores.</span> 
     </span>
    </p>

    <p class='ocr_par' dir='ltr' id='par_1_25' title="bbox 248 3400 1114 3547">
     <span class='ocr_line' id='line_1_36' title="bbox 248 3400 1114 3481; baseline -0.003 -18"><span class='ocrx_word' id='word_1_231' title='bbox 248 3402 343 3480; x_wconf 87' lang='lat' dir='ltr'>iungit</span> <span class='ocrx_word' id='word_1_232' title='bbox 367 3402 459 3463; x_wconf 87' lang='lat' dir='ltr'>Amor</span> <span class='ocrx_word' id='word_1_233' title='bbox 481 3403 645 3480; x_wconf 87' lang='lat' dir='ltr'>laetamque</span> <span class='ocrx_word' id='word_1_234' title='bbox 664 3400 851 3481; x_wconf 79' lang='lat' dir='ltr'>vehens&#39;per</span> <span class='ocrx_word' id='word_1_235' title='bbox 871 3402 972 3462; x_wconf 88' lang='lat' dir='ltr'>nubila</span> <span class='ocrx_word' id='word_1_236' title='bbox 993 3410 1114 3463; x_wconf 87' lang='lat' dir='ltr'>matrem</span> 
     </span>
     <span class='ocr_line' id='line_1_37' title="bbox 250 3484 1013 3547; baseline -0.003 0"><span class='ocrx_word' id='word_1_237' title='bbox 250 3487 399 3547; x_wconf 88' lang='lat' dir='ltr'>Gemmato</span> <span class='ocrx_word' id='word_1_238' title='bbox 422 3496 538 3546; x_wconf 92' lang='lat' dir='ltr'>temone</span> <span class='ocrx_word' id='word_1_239' title='bbox 562 3486 656 3546; x_wconf 89' lang='lat' dir='ltr'>sedet.</span> <span class='ocrx_word' id='word_1_240' title='bbox 698 3484 758 3545; x_wconf 89' lang='lat' dir='ltr'>lam</span> <span class='ocrx_word' id='word_1_241' title='bbox 780 3484 906 3546; x_wconf 87' lang='lat' dir='ltr'>Tibridls</span> <span class='ocrx_word' id='word_1_242' title='bbox 927 3504 1013 3547; x_wconf 89' lang='lat' dir='ltr'>arces</span> 
     </span>
    </p>

    <p class='ocr_par' dir='ltr' id='par_1_26' title="bbox 249 3569 1260 3735">
     <span class='ocr_line' id='line_1_38' title="bbox 249 3569 1260 3652; baseline 0.001 -22"><span class='ocrx_word' id='word_1_243' title='bbox 249 3569 374 3641; x_wconf 88' lang='lat' dir='ltr'>Iliacae;</span> <span class='ocrx_word' id='word_1_244' title='bbox 397 3571 497 3650; x_wconf 91' lang='lat' dir='ltr'>pandit</span> <span class='ocrx_word' id='word_1_245' title='bbox 517 3571 624 3631; x_wconf 86' lang='lat' dir='ltr'>nitidos</span> <span class='ocrx_word' id='word_1_246' title='bbox 646 3569 749 3630; x_wconf 90' lang='lat' dir='ltr'>domus</span> <span class='ocrx_word' id='word_1_247' title='bbox 772 3570 830 3631; x_wconf 88' lang='lat' dir='ltr'>alta</span> <span class='ocrx_word' id='word_1_248' title='bbox 852 3579 986 3652; x_wconf 87' lang='lat' dir='ltr'>penates,</span> <span class='ocrx_word' id='word_1_249' title='bbox 1207 3579 1260 3634; x_wconf 80' lang='lat'>145</span> 
     </span>
     <span class='ocr_line' id='line_1_39' title="bbox 250 3648 1003 3735; baseline -0.001 -21"><span class='ocrx_word' id='word_1_250' title='bbox 250 3653 395 3735; x_wconf 87' lang='lat' dir='ltr'>Claraque</span> <span class='ocrx_word' id='word_1_251' title='bbox 415 3648 577 3733; x_wconf 76' lang='lat' dir='ltr'>gaudentes</span> <span class='ocrx_word' id='word_1_252' title='bbox 600 3654 770 3734; x_wconf 88' lang='lat' dir='ltr'>plauserunt</span> <span class='ocrx_word' id='word_1_253' title='bbox 792 3654 889 3717; x_wconf 87' lang='lat' dir='ltr'>limina</span> <span class='ocrx_word' id='word_1_254' title='bbox 903 3656 1003 3733; x_wconf 73' lang='lat' dir='ltr'>cygni.</span> 
     </span>
    </p>
   </div>
   <div class='ocr_carea' id='block_1_5' title="bbox 0 0 1433 4300">
    <p class='ocr_par' dir='ltr' id='par_1_27' title="bbox 0 0 1433 4300">
     <span class='ocr_line' id='line_1_40' title="bbox 0 0 1433 4300; baseline 0 0"><span class='ocrx_word' id='word_1_255' title='bbox 0 0 1433 4300; x_wconf 95' lang='lat' dir='ltr'> </span> 
     </span>
    </p>
   </div>
  </div>
 </body>
</html>
