2842 4300
500 421 878 472 rnannmosnm.x11.
1130 406 1187 469 271
1323 150 1337 474 d

190 578 289 641 Caede
307 579 409 639 videre
430 596 544 647 manns;
568 588 686 639 veteres
708 578 903 639 reminiscitur
918 584 1005 661 nctus

188 664 258 744 lpse
279 674 365 725 tuens
386 666 556 744 sociumque
576 682 698 743 gregem
722 662 934 741 metuendaque
956 663 1099 740 quondam
1141 668 1192 726 ote

188 749 311 825 Limina,
336 758 365 809 et
386 748 539 827 absumpto
561 749 719 829 pallentem
742 748 883 809 Gnossida
906 747 965 806 blo.

224 846 228 856 ·
254 836 366 894 Saevus
389 843 417 893 at
438 836 548 895 interea
572 836 651 894 ferro
675 843 743 915 post
764 842 848 910 terga
869 834 1015 893 revinctas

84 947 90 984 t
188 920 357 996 Antigonen
376 918 548 999 viduamque
569 918 667 979 Creon
687 917 842 980 Adrastida
864 917 924 977 leto

189 1004 350 1071 Admouet:
373 1003 474 1063 ambae
498 1004 606 1064 hilares
630 1013 658 1063 et
680 1005 780 1063 mortis
803 1019 903 1061 amore
926 1000 1072 1081 superbae

189 1088 317 1149 Ensibus
338 1090 508 1167 intemptant
529 1088 646 1167 iugulos
667 1106 829 1167 regemque
850 1096 998 1146 currentum
1141 1094 1194 1150 680

189 1172 373 1248 Destituunt,
396 1192 482 1253 quum
504 1174 580 1234 dieta
601 1173 700 1233 lenens
723 1172 849 1233 Theseia
870 1171 1005 1249 Phegeus

190 1258 327 1333 Adstitit,
349 1257 400 1317 ille
423 1258 539 1338 quidem
560 1258 647 1317 ramis
667 1259 789 1317 insontis
811 1256 906 1316 olivae

191 1342 350 1417 Pacificas,
370 1342 423 1403 sed
444 1342 524 1403 bella
547 1344 606 1403 ciet
623 1342 791 1421 bellumque
811 1343 942 1417 minatur,

191 1427 306 1488 Grande
327 1427 455 1487 lremens
476 1430 650 1505 nimiumque
672 1444 784 1487 mernor
805 1427 963 1486 mandantis
987 1433 1016 1484 et
1037 1424 1129 1504 ipsum

189 1510 250 1571 lam
270 1528 382 1592 prope,
403 1513 458 1571 iam
479 1513 593 1572 medios
615 1514 734 1591 operire
757 1510 928 1571 cohortibus
950 1526 1038 1587 agros
1141 1516 1193 1570 685

190 1595 388 1674 Ingeminans;
413 1598 493 1657 stetit
515 1597 650 1674 ambiguo
673 1596 827 1657 Thebanus
849 1596 877 1655 in
898 1605 982 1654 aestu

193 1680 349 1757 Coranum,
372 1690 529 1761 nutantque
552 1683 646 1741 minae
667 1691 696 1745 et
716 1682 798 1760 prior
819 1681 861 1741 ira
884 1680 1021 1759 tepescit.

257 1764 338 1824 Tune
361 1766 453 1825 lirmat
476 1785 562 1842 sese,
588 1766 744 1845 fictumque
766 1784 801 1825 ac
822 1767 904 1824 triste
925 1763 1077 1823 renidens:

194 1850 342 1909 ‘Parvane
365 1852 534 1930 prostratis,
557 1852 665 1929 inquit,
689 1852 862 1911 documenta
883 1848 1014 1924 Mycenis

193 1933 368 1994 sanximus?
391 1954 428 1994 en
446 1936 565 2011 iterum,
587 1936 635 2013 qui
657 1937 774 1994 moenia
795 1943 894 1993 nostra
917 1934 1073 1993 lacessant.
1143 1941 1196 1995 690

192 2019 378 2097 Accipimus,
399 2021 531 2088 veniant;
555 2020 608 2080 sed
626 2038 664 2079 ne
685 2029 754 2099 post
774 2018 853 2078 bella
876 2028 1048 2097 querantur:

191 2103 254 2165 Lex
275 2104 375 2164 eadem
397 2105 506 2165 vietis!
549 2104 645 2182 Dixit,
670 2105 724 2165 sed
744 2104 867 2184 pulvere
889 2120 990 2164 crasso

97 2237 100 2246 .
194 2188 331 2266 Caligare
353 2190 427 2250 diem
450 2199 480 2249 et
501 2189 606 2266 Tyrios
627 2193 693 2268 iuga
718 2190 844 2270 perdere
867 2198 981 2248 montes

193 2273 342 2353 Adspicit;
366 2277 469 2333 armari
491 2275 618 2354 populos
638 2284 734 2334 tamen
755 2291 892 2353 armaque
912 2273 983 2332 lerri

193 2358 262 2437 lpse
285 2357 366 2418 iubet
388 2358 518 2438 pallens,
545 2361 718 2438 mediaeque
740 2361 769 2418 in
791 2358 910 2418 sedibus
931 2357 1015 2418 aulae
1143 2368 1196 2424 695

193 2441 367 2503 Eumenidas
391 2442 502 2503 subitas
523 2443 698 2524 llentemque
721 2443 883 2503 Menoecea
906 2445 999 2503 cernit

194 2525 338 2588 Turbidus
359 2529 562 2608 inpositosque
583 2531 664 2608 rogis
686 2528 816 2606 gaudere
835 2527 988 2604 Pelasgos.

260 2612 332 2686 Quis
354 2612 407 2672 luit
428 2613 478 2674 ille
501 2610 586 2674 dies?
608 2621 686 2674 tanto
712 2632 776 2672 eum
799 2613 938 2690 sanguine
960 2612 1069 2673 Thebis

194 2697 255 2756 Pax
276 2698 391 2757 inventa
413 2695 510 2776 perit?
553 2697 655 2758 Patriis
676 2697 763 2758 modo
785 2698 841 2757 lxxa
863 2697 1009 2758 revellunt

195 2782 283 2840 Arma
305 2781 386 2857 deis,
410 2783 573 2862 clipeisque
596 2783 743 2843 obducunt
765 2792 886 2862 pectora
907 2781 1019 2859 fractis,
1145 2791 1198 2846 70⁰

194 2865 232 2926 Et
253 2866 356 2943 galeas
378 2866 500 2926 humiles
520 2875 549 2926 et
571 2868 665 2928 adhue
685 2867 832 2927 sordentia
853 2865 922 2926 tabo

197 2950 330 3029 Spionla;
353 2968 410 3010 non
432 2951 577 3032 pharetris
599 2953 766 3034 quisquam,
788 2969 846 3011 nou
866 2969 937 3010 ense
959 2953 1096 3029 decorus,

103 3095 107 3106 ,
195 3035 261 3094 Νοιι
283 3037 459 3114 spectandos
481 3054 574 3116 equo:
598 3040 688 3098 cessit
708 3037 812 3098 fiducia
833 3036 915 3112 valli,

103 3109 107 3147 ³
195 3119 342 3180 dlurorum
364 3131 444 3200 patet
462 3139 550 3182 omne
572 3121 664 3196 latus,
687 3123 838 3181 munimina
861 3131 965 3199 portae

195 3203 382 3284 Exposount;
406 3209 487 3285 prior
505 3206 599 3266 hostis
616 3207 722 3283 habet,
744 3207 859 3284 fastigia
877 3207 992 3281 desunt,
1147 3215 1198 3269 705

195 3289 313 3350 Deiecit
331 3287 500 3370 Capaneus:
525 3293 664 3370 exanguis
684 3301 716 3352 et
736 3309 826 3369 aegra
848 3292 991 3367 iuventus,

194 3373 254 3434 lam
276 3393 332 3434 nec
355 3375 525 3453 coniugibus
549 3395 683 3456 suprema
703 3395 759 3436 neo
781 3376 882 3436 oscula
903 3377 977 3436 uatis

195 3457 308 3536 longit,
334 3469 364 3520 et
386 3461 496 3521 attoniti
518 3461 722 3541 niloptavere
743 3471 891 3541 parentes.

258 3543 372 3604 Atticus
395 3554 423 3605 at
445 3555 562 3622 contra,
582 3545 722 3608 iubarut
743 3545 912 3607 clarescere
935 3548 1028 3625 ruptis

195 3627 327 3688 Nubibus
349 3639 379 3689 et
400 3630 615 3710 solemprimis
636 3631 772 3710 adspexit
791 3633 818 3690 in
841 3633 940 3706 armis,
1146 3637 1199 3694 ilo

194 3713 300 3774 Desilit
322 3715 350 3773 in
372 3732 518 3795 campum,
538 3717 589 3794 qui
612 3715 716 3778 subter
735 3718 849 3776 moenia
870 3715 964 3775 ntrdos
