2842 4300
224 357 264 422 ts
458 353 466 364 '
565 372 597 420 r.
616 369 751 420 rmum
773 369 888 420 annun

1018 485 1043 520 Ο

225 527 341 607 Spirat,
367 533 397 586 et
419 526 448 585 in
470 539 556 586 ouras
577 525 649 586 vivit
666 523 870 604 complexibus
887 523 1034 586 umbrae.'

286 609 341 670 HIo
362 610 449 688 igitur
470 609 522 669 tibi
542 609 619 670 laeta
642 611 744 690 quies,
765 609 924 670 fortissime
944 609 1052 685 dirum,

224 694 349 770 Alcide,
370 711 427 754 neo
446 690 525 754 bolla
545 693 628 754 vides
651 709 824 773 pugnasque
847 693 976 769 ierooes,
1052 762 1056 766 .

224 779 285 842 Sed
306 777 413 854 chelyn
434 787 463 838 et
481 779 567 838 vittas
588 785 618 837 et
640 785 769 837 amantes
789 779 914 838 carmina
936 778 1045 837 laurus.

224 864 280 926 llio
300 862 352 922 tibi
374 862 497 923 solemni
518 858 689 921 memorabit
712 863 855 937 carmine,
879 870 1002 942 quantus
1121 857 1126 870 “

223 948 329 1009 Iliacas
350 945 527 1024 Geticasque
547 946 648 1006 dornos
670 952 852 1025 quantusque
875 946 1001 1006 nivalem
1176 953 1230 1006 100

105 1037 115 1049 '
225 1029 416 1110 Stymphalon
434 1036 616 1110 quantusque
635 1031 710 1108 iugis
723 1029 923 1106 Erymanthon
941 1030 1062 1109 aquosis

145 1127 162 1180 .'
224 1116 396 1190 Termetis,
415 1131 503 1194 quem
524 1123 554 1174 te
575 1115 695 1194 peeoris
716 1131 877 1193 possessor
897 1113 988 1189 lineri,

225 1199 318 1274 Quem
334 1198 434 1260 tulerit
455 1214 563 1260 saonae
585 1197 764 1260 Mareoticus
786 1197 896 1260 arbiter
917 1212 998 1259 arae.

223 1283 278 1344 llio
298 1291 450 1362 penetrata
471 1281 525 1343 tibi
547 1283 733 1362 spoliataque
755 1283 853 1344 limina
871 1281 975 1342 mortis

217 1366 369 1430 coronet
391 1375 421 1428 et
438 1365 543 1428 dantes
561 1367 670 1442 Libyae
687 1362 865 1443 Soytbiaeve
884 1365 1011 1446 puellas.
1055 1395 1059 1404 ·
1178 1371 1230 1428 106

225 1450 290 1512 Neo
307 1459 338 1511 to
357 1459 498 1530 regnator
515 1450 668 1512 llaoedum
687 1469 744 1511 neo
766 1451 909 1512 barbarus
930 1463 1066 1530 nmquam

225 1534 367 1596 Hannibal
388 1543 437 1596 out
459 1537 541 1596 saevi
563 1543 667 1615 posset
687 1547 749 1596 ton
769 1535 887 1596 horrida
908 1533 1008 1595 Sullae

224 1616 277 1680 llis
299 1617 454 1679 celebrare
474 1619 578 1679 modis.
624 1617 713 1680 Certe
734 1627 764 1680 tu
786 1620 913 1679 muneris
934 1627 1037 1680 auotor

225 1702 292 1763 Non
313 1701 379 1762 aliis
399 1703 504 1764 malles
525 1703 637 1781 oeulis,
659 1703 805 1784 Lysippo,
827 1698 957 1784 probari.

361 1858 627 1940 vnqunmncuu
657 1861 710 1913 sn
736 1859 922 1917 assumunt
950 1858 1101 1912 1urt1uns
1194 1895 1198 1900 ‚

226 1970 333 2034 Iamdiu
357 1971 417 2032 lato
439 1972 542 2034 satiata
564 1989 668 2052 campo

227 2053 323 2117 Fortis
345 2055 456 2116 heroos
474 2051 564 2118 Erato
586 2057 707 2119 labores

225 2140 334 2219 Differ,
357 2147 445 2221 atque
466 2141 569 2220 ingens
592 2160 666 2222 opus
688 2143 718 2205 in
738 2140 868 2205 minores

391 2222 538 2287 contrahe
556 2244 659 2305 gyros.

227 2366 328 2446 Tuque
351 2376 492 2445 regnator
512 2368 623 2443 lyricae
645 2367 777 2429 oolrortis

225 2450 271 2512 Da
290 2451 359 2509 noni
380 2450 497 2530 paulurn
519 2450 587 2511 mibi
608 2452 669 2511 iura
693 2452 812 2531 plectri,

227 2534 258 2595 Si
277 2543 341 2595 tuas
361 2542 446 2595 oantu
463 2532 544 2595 Latio
565 2535 692 2613 sacrari,

281 2619 284 2629 '
391 2617 530 2697 Pindaro,
554 2617 682 2679 Thebas.

225 2760 352 2823 blaximo
375 2776 492 2821 oarmen
510 2766 631 2821 tenuare
653 2768 780 2839 tempto;

225 2844 309 2907 Nuno
331 2844 368 2905 ab
387 2846 501 2905 intonsa
522 2844 663 2922 capienda
684 2854 779 2919 myrto

214 2930 329 3005 Serta,
352 2930 427 2989 nu'no
448 2928 638 3005 maieroliis,
661 2938 692 2989 et
713 2928 859 2989 bibendus

391 3009 507 3071 Castior
528 3011 628 3071 amnis.

226 3151 349 3227 Quando
370 3161 401 3213 te
426 3150 503 3213 dnloi
524 3152 607 3214 Latio
627 3154 776 3215 remittent
877 3207 881 3212 .

157 3242 161 3247 '
226 3236 378 3297 Dalmatas
399 3245 531 3313 montes,
553 3236 603 3299 nbi
622 3236 690 3299 Dite
711 3239 778 3299 viso

224 3318 353 3382 Pallidus
373 3320 474 3381 iossor
495 3318 571 3383 redit
592 3330 738 3402 erutoque

392 3400 543 3467 Conoolor
564 3404 660 3467 auro'l

110 3584 113 3591 -
224 3545 307 3608 Eooe
324 3564 371 3607 me
389 3554 485 3608 natum
506 3548 648 3629 propiore
667 3555 748 3608 terra

224 3629 291 3693 Non
307 3638 403 3693 tumen
424 3640 512 3713 portu
531 3632 658 3693 retinent
677 3644 803 3695 smosno
