2842 4300
528 363 705 442 smvanuss
727 365 760 412 na
772 362 824 410 ·v.³

176 520 252 583 Cura
272 522 377 598 domo,
400 551 443 566 —-
460 538 594 599 magnum
613 519 673 580 late
694 519 838 580 diarittcre
859 518 888 578 in
909 518 1011 582 orbem
1109 510 1113 516 ’
1153 534 1160 556 ¹
1279 601 1284 611 .

175 607 311 668 Romulei
330 604 463 666 mandata
485 606 583 681 ducis,
602 606 742 684 viresque
759 603 923 682 modosque

175 692 293 771 Imperii
315 699 441 751 tractare
462 707 562 760 manu;
585 708 661 770 quae
683 690 783 750 laurus
803 688 841 748 ab
859 682 954 764 armo,

176 776 252 851 Quid
273 783 365 854 vagus
385 773 568 855 Euphrates,
591 775 660 853 quid
680 775 747 854 ripa
766 772 919 833 binominis
940 773 1017 851 lstrl,
1059 781 1066 794 ‘

177 861 253 935 Quid
275 859 369 920 Rheni
390 860 500 920 vexilla
520 859 630 936 ierant,
654 867 791 939 qnantum
810 858 926 918 ultimus
947 859 1028 920 orbis
1141 870 1178 924 stt

177 944 310 1006 Gesserit
330 954 360 1006 et
379 944 484 1022 rehigo
507 947 688 1004 circumsona
706 944 823 1022 grirqite
843 942 946 1004 Thule.

176 1029 277 1092 Omnia
296 1047 361 1090 nam
379 1029 494 1090 laceras
513 1030 572 1108 pila
589 1028 751 1090 attollentia
768 1027 899 1105 frondes,

174 1113 321 1194 Nullaque
343 1114 455 1175 fumosa
476 1115 607 1192 signatur
627 1114 731 1174 lancea
748 1113 845 1191 pinna

235 1199 412 1275 Praeterea,
432 1199 507 1260 lidos
528 1199 658 1260 dominus
680 1199 705 1258 si
728 1197 837 1258 dividat
855 1213 955 1274 enses,
1051 1243 1062 1256 a

175 1285 308 1346 Pandere
328 1284 392 1364 quis
416 1291 528 1344 centum
548 1282 646 1344 valeat
665 1283 782 1342 frenare
801 1281 936 1361 maniplis
1141 1289 1176 1344 95

175 1369 359 1434 Interminatus
382 1385 492 1447 equos,
515 1369 579 1447 quis
602 1369 794 1448 praecepisse
813 1365 938 1443 cohorti,

176 1453 270 1528 Quem
291 1454 398 1514 deceat
416 1453 488 1513 clari
506 1455 702 1532 praestantior
724 1452 797 1512 ordo
820 1451 937 1528 tribuni,

123 1533 127 1538 ’
177 1537 315 1612 Quisnam
337 1538 505 1615 frenigerae
528 1539 640 1615 signum
661 1537 732 1599 dare
752 1536 866 1614 dignior
886 1536 961 1597 alae.

90 1673 91 1680 ,
176 1621 257 1683 Mille
279 1624 364 1683 etiam
385 1639 549 1701 praenosse
572 1623 671 1698 vices,
693 1641 729 1682 an
750 1623 885 1682 merserit
906 1639 995 1699 agros

175 1706 276 1784 Nilus,
299 1725 336 1768 an
356 1706 506 1768 imbrifero
526 1706 617 1783 Libye
634 1707 782 1768 sudaverit
801 1715 917 1773 austro;
1125 1719 1178 1772 loo

177 1790 347 1870 Cunctaque
368 1792 392 1851 si
411 1809 575 1868 numerem,
598 1809 656 1852 uon
677 1792 761 1871 plnra
784 1792 944 1870 interprete
964 1791 1048 1869 virga

176 1875 329 1938 Nuntiate
352 1876 440 1936 celsis
464 1877 526 1937 ales
546 1877 723 1954 Tegeaticus
741 1877 838 1952 astris,

99 2023 108 2035 ,
178 1960 318 2040 Quaeque
341 1962 418 2022 cedit
439 1961 562 2040 liquidas
583 1957 702 2022 Iunonia
724 1963 809 2037 uirgo
835 1977 892 2038 per
913 1978 1009 2035 auras,

175 2045 214 2105 Et
237 2047 378 2125 picturato
397 2046 526 2125 pluvium
544 2046 616 2123 ligat
637 2063 706 2106 aera
728 2061 814 2122 gyro,
1023 2051 1027 2062 ’

177 2130 319 2210 Quaeque
338 2140 401 2193 tuas
423 2131 522 2192 laurus
543 2131 674 2208 uolucri,
697 2128 886 2206 Germanice,
910 2147 996 2189 curru
1105 2139 1175 2193 'los

175 2214 264 2276 Fama
283 2216 378 2293 vehit,
403 2234 580 2295 praegressa
601 2217 677 2277 diem
698 2214 869 2294 tardumque
890 2213 945 2273 snb
967 2214 1053 2274 astris

174 2300 291 2361 Arcada
313 2310 343 2361 et
362 2300 390 2360 iu
413 2300 508 2362 medio
528 2300 631 2379 linquit
652 2299 858 2361 Thaumantida
880 2298 978 2359 coelo.
1087 2342 1092 2350 .

240 2384 362 2459 Qualem
382 2394 411 2445 te
430 2387 545 2465 superi,
568 2386 719 2463 Priscilla,
741 2384 932 2463 hominesque
954 2383 1082 2463 benigno

175 2469 351 2549 Adspexere
376 2470 442 2546 die,
466 2472 690 2549 quamprimum
715 2469 881 2549 ingentibus
897 2470 971 2530 actio
1039 2496 1044 2507 ·

175 2554 316 2615 Admotus
338 2554 459 2617 coniux!
495 2555 598 2615 Vicisti
619 2555 827 2634 gandia-certe
1123 2562 1176 2616 110

175 2638 287 2717 Ipsius,
311 2639 404 2699 allusu
424 2640 489 2709 dura
508 2650 631 2718 pectore
653 2657 745 2718 prona
764 2648 896 2699 sacratos

174 2724 251 2783 Ante
272 2722 366 2802 pedes
385 2725 470 2785 avide
490 2724 597 2784 domini
617 2734 674 2784 tam
694 2740 797 2800 magna
818 2724 956 2782 merentis

173 2806 323 2867 Volveris.
367 2806 463 2869 Aonio
484 2826 543 2869 non
562 2810 606 2867 sic
627 2810 656 2867 in
677 2809 791 2867 vertice
812 2807 931 2885 gaudet

175 2891 269 2967 Quam
290 2901 375 2971 pater
391 2894 489 2953 arcani
509 2893 654 2972 praefecit
675 2891 799 2952 hiatibus
822 2892 896 2951 antri

174 2976 295 3053 Delius,
316 2986 364 3037 aut
385 2978 469 3056 primi
491 2979 537 3038 cui
559 2978 602 3037 ius
623 2975 793 3037 venerabile
814 2976 907 3053 thyrsi
1022 3031 1024 3034 .
1102 2984 1179 3037 ·1to'

104 3099 110 3109 a
174 3060 307 3122 Bacchus
328 3071 360 3121 et
382 3064 520 3123 attonitae
540 3062 638 3123 tribuit
656 3060 765 3121 vexilla
787 3071 934 3122 catervae.

235 3144 299 3205 Nec
318 3142 414 3206 tamen
433 3146 481 3207 hic
500 3156 608 3207 mutata
629 3148 714 3225 quies
736 3145 905 3225 probitasve
927 3143 1064 3206 secundis

175 3228 322 3300 Intumuit;
342 3240 427 3291 tenor
445 3232 521 3293 idern
542 3232 636 3291 animo
656 3248 814 3310 moresque
834 3230 959 3290 modesti

174 3313 303 3375 Fortuna
321 3325 476 3377 crescente
498 3324 623 3377 manent.
666 3315 761 3377 Fovet
780 3316 864 3375 anxia
886 3332 970 3374 curas
1038 3331 1041 3338 ·

176 3398 317 3477 Coniugis
341 3400 531 3481 hortaturque
553 3401 636 3461 simul
658 3401 807 3479 flectitque
829 3398 958 3459 labores.
1125 3406 1176 3458 lto

174 3483 242 3563 lpsa
263 3484 356 3569 dapes
378 3485 507 3547 modicas
531 3496 560 3547 et
581 3485 679 3547 sobria
701 3484 809 3565 pocula
830 3483 926 3559 tradit,

175 3566 408 3649 Exemplumque
430 3570 466 3631 ad
487 3570 581 3632 herile
603 3579 716 3640 mouet;
734 3569 816 3631 velut
833 3568 950 3648 Appula
972 3569 1079 3629 coniux

176 3652 336 3732 Agricolae
357 3656 458 3735 porci,
481 3656 531 3717 vel
551 3656 616 3717 sole
638 3654 746 3717 iniecta
766 3653 883 3731 Sabina,

218 3757 354 3803 suumne
375 3760 397 3801 1.
704 3796 711 3829 ‚
990 3738 1008 3794 7
