2842 4300
270 356 311 419 66
648 369 680 417 Ρ.
702 367 838 418 Parnm
856 366 972 420 suurn

270 522 364 585 Cacus
384 530 415 584 et
433 529 496 584 atra
515 517 597 600 diac,
614 541 691 604 quac
708 523 761 586 iati
781 523 904 586 exordia
923 525 1046 603 camus,

270 608 355 682 Quae
374 607 457 678 mihi;
481 608 605 670 concubi
624 618 719 671 tector
741 609 902 689 penetralia
922 609 1018 670 mundi

269 692 308 753 Et
328 693 478 754 volnerum
498 693 603 756 onnus
621 702 651 754 et
670 703 720 771 te,
740 693 940 771 Thymbraeo,
962 696 1078 756 vocanti

269 778 336 838 Non
356 778 429 839 alias
448 787 507 839 tam
524 796 615 839 saeve
640 779 724 859 mihi,
744 797 820 858 quae
843 779 927 856 signa
949 777 1037 852 futuri

268 863 452 932 Pertulerim;
472 864 532 925 vidi
552 865 677 942 ingentia
698 873 833 944 portenta
853 865 963 924 rainae.
1216 875 1269 932 640

267 947 334 1008 Vidi
355 947 500 1008 hominum
519 947 674 1028 divumque
691 948 776 1010 neira
792 948 970 1027 hilaremque
988 946 1170 1027 Megaeram

267 1031 306 1092 Et
323 1031 476 1093 hachaaim
496 1034 574 1112 putri
591 1043 761 1094 vacuantem
783 1033 903 1094 saecula
925 1049 1029 1111 panso.

233 1180 235 1185 ,
333 1116 478 1178 ‘Proicite
501 1135 580 1178 arma
599 1135 700 1178 manu:
722 1119 796 1179 dens
816 1135 890 1178 ecce
911 1117 1073 1178 iurantibus
1093 1119 1202 1196 obstat,
1338 1147 1340 1254 1

267 1201 350 1262 Ecce
372 1201 455 1262 deus.
497 1201 596 1263 niceri
618 1202 686 1282 quid
701 1202 854 1283 pulchrum
874 1203 1015 1280 sanguiue
1036 1203 1116 1264 victo

268 1287 391 1347 Aoniam
409 1294 439 1346 et
460 1286 515 1348 diri
532 1296 665 1348 saturare
685 1287 803 1348 nonalia
824 1283 943 1348 Cadmi?
1215 1299 1268 1356 616

268 1371 329 1433 Sed
348 1371 417 1451 quid
437 1390 511 1432 vana
532 1389 623 1449 cano,
646 1373 716 1453 quid
737 1373 811 1432 iiroa
831 1388 921 1434 arceo
943 1369 1049 1432 casuri

267 1454 398 1516 Ibimus?
434 1455 488 1516 llic
510 1474 615 1536 presso
637 1458 748 1536 gemuit
769 1457 853 1518 simul
874 1456 1099 1519 metonomice.

331 1540 415 1601 lllum
435 1542 539 1602 iterum
560 1540 730 1620 Capaneus:
755 1542 851 1602 ‘Tune
874 1558 891 1601 o
911 1541 1009 1618 furor,
1033 1540 1141 1622 augurj,
1165 1551 1196 1604 et
1217 1546 1265 1604 uni

267 1624 326 1686 lata
346 1625 414 1702 tibi,
438 1635 469 1686 ut
489 1643 591 1686 serves
608 1644 720 1686 vacuos
735 1627 876 1705 inglorius
895 1625 1006 1703 Argoa,
1285 1645 1291 1654 ·

203 1767 214 1779 ,
266 1709 306 1770 Et
324 1719 372 1770 tna
393 1727 451 1769 non
471 1714 608 1790 umquam
625 1711 794 1787 Tyrrhenus
810 1720 943 1790 tempora
968 1711 1075 1772 circum
1214 1725 1268 1782 656

269 1793 399 1873 Clangor
417 1803 474 1854 eat.
518 1794 593 1869 Quid
613 1805 682 1856 vota
698 1797 791 1856 virum
810 1795 932 1856 meliora
955 1794 1098 1858 moraris?

267 1879 390 1940 Scilicet
410 1888 442 1939 nt
459 1880 541 1940 vania
559 1879 662 1940 avibus
677 1889 805 1960 natoque
826 1879 973 1960 domoque
1062 1903 1064 1908 ·

267 1961 307 2024 icc
325 1963 459 2025 thalamis
479 1965 593 2044 potiare
615 1965 731 2042 iacent,
753 1965 889 2026 silcamus
907 1964 989 2024 inulti

267 2048 386 2125 Tydeos
406 2050 519 2127 egregii
538 2047 705 2128 perfossum
726 2059 830 2129 pectus
850 2059 880 2110 et
899 2066 976 2111 arma

266 2133 408 2196 Foederia
428 2131 561 2213 abrupti?
581 2134 686 2213 quodsi
703 2133 784 2195 bella
802 2135 895 2197 effera
914 2133 1019 2195 Graios
1125 2166 1128 2173 ⁴
1212 2149 1266 2204 666

205 2284 209 2291 ,
266 2218 359 2279 Ferre
380 2228 481 2297 vetas,
501 2222 511 2279 i
532 2220 668 2281 Sidonica
688 2220 803 2297 legatus
823 2220 861 2281 ad
877 2220 989 2281 hortea.

266 2303 348 2365 llaec
369 2322 473 2383 paoem
492 2304 545 2364 tibi
567 2313 646 2365 certa
667 2303 790 2365 dabunt:
811 2313 860 2365 tua
880 2321 1001 2384 prorsus
1023 2304 1099 2367 inani
1174 2336 1178 2346 ·

266 2388 366 2449 Verba
386 2388 457 2467 polo
480 2406 585 2449 causas
602 2388 795 2467 abstrusaque
814 2390 924 2451 nemina
944 2407 1040 2451 rarum

266 2470 414 2533 Elicinnti
435 2474 560 2535 micaret
578 2491 731 2552 superum,
753 2475 778 2533 ai
797 2474 922 2535 carmina
945 2492 1034 2535 curae

266 2556 472 2637 Humanaeque
493 2573 616 2637 precer-³
657 2557 734 2632 Quid
753 2558 857 2619 inertia
878 2568 999 2639 pectora
1016 2556 1134 2621 terrea?
1215 2573 1271 2631 666

266 2642 377 2702 Primus
398 2642 428 2702 in
448 2641 522 2702 orbe
543 2642 617 2703 deoc
638 2642 711 2702 iecit
730 2643 831 2719 timor,
855 2652 885 2705 et
905 2643 957 2704 tibi
978 2650 1040 2703 tuto

266 2725 350 2787 Nunc
369 2736 417 2787 eat
436 2727 494 2787 iate
510 2727 601 2788 furor.
641 2727 702 2788 Sed
724 2728 815 2807 prima
834 2726 870 2788 ad
891 2728 1020 2789 claraica·
1037 2734 1124 2807 quum
1144 2732 1202 2792 ian

266 2810 409 2873 Hostilem
429 2810 565 2872 lsmcnon
582 2812 678 2891 galcis
698 2811 867 2891 Dircenque
889 2812 1032 2889 bibemus,
1106 2855 1110 2868 .
1157 2846 1160 2854 ·

264 2895 312 2956 Ne
330 2896 397 2957 mihi
419 2906 504 2971 tunc,
526 2914 649 2973 moneo,
671 2896 760 2959 lituos
782 2906 870 2976 atque
892 2914 969 2959 arma
991 2897 1112 2977 volenti,

265 2980 375 3041 Obvius
396 2981 440 3041 ire
461 2999 550 3059 parea
565 2983 720 3061 ventiaque
742 2990 791 3043 aut
808 2982 879 3043 alita
897 2984 959 3043 visa
1191 3028 1194 3039 .
1212 2998 1271 3054 666

262 3064 410 3125 Bellorum
429 3065 669 3145 prolerre-diem.
708 3066 815 3129 Procul
832 3066 908 3128 haec
928 3066 980 3127 tibi
1000 3068 1095 3130 mollia

261 3148 356 3210 lniula
377 3150 555 3230 terrificique
577 3149 671 3212 aberit
689 3151 833 3213 dementia
851 3150 971 3213 Phoebi.

263 3232 329 3294 lilio
350 3252 443 3312 augur
463 3252 521 3313 ego
542 3246 707 3297 camacum
730 3237 903 3316 quicumque
923 3238 1030 3315 parati.

261 3317 392 3380 Insanire
410 3324 518 3380 manu?
558 3320 670 3381 Rursus
689 3320 923 3397 fragorintonat
944 3322 1052 3399 ingens·
1261 3361 1268 3385 .
1339 3384 1340 3387 ,

261 3402 430 3465 Hortantum
454 3414 484 3465 ct
503 3415 587 3467 vasto
608 3404 710 3465 subter
729 3405 810 3467 volat
826 3414 909 3465 astra
929 3407 1059 3467 tumultu.
1149 3419 1157 3465 ¹.
1212 3418 1270 3475 670
1339 3414 1340 3431 ¹

261 3487 301 3548 Ut
321 3490 439 3569 rapidus
460 3499 594 3566 torrem,
614 3490 725 3550 animoa
748 3490 794 3549 eui
816 3508 905 3551 verna
927 3491 1092 3552 miniatranti
1192 3498 1195 3506 '
1262 3510 1265 3517 ’

262 3571 390 3635 Flamina
412 3582 442 3633 et
461 3576 543 3634 exuti
563 3584 709 3636 concreto·
721 3573 834 3651 frigore
854 3574 960 3654 colles,
1014 3582 1016 3589 '

262 3656 355 3731 Quum
372 3675 465 3737 vagus
482 3658 512 3718 in
532 3664 658 3740 campoc'
672 3658 778 3738 hurum
800 3660 1023 3743 prohibentibus
1042 3661 1102 3721 exit
